2855 3913
560 339 1289 484 Vislicie constituit
1472 363 2426 513 Fo. XVIII. Summarium.
371 499 1424 628 habeant ipsorum testimonia firmitatem
365 621 1915 782 De testibus consanguineis et in probatione
376 736 1452 867 contractuum et venditionum
429 965 518 1039 C
600 891 1915 999 Onradus a dominico domum vendicabat. Et ad suam
602 965 1913 1058 intentionem probandam Conradus sex testes. iuxta iudi-
606 1036 1893 1126 cis mandatum produxit. Quorum primus testis Iacobus
376 1086 1917 1195 alter Petrus ipsius Conradi compater. et mediator. seu amica
389 1156 1906 1260 bilis compositor in eadem causa. quem ipse dominicus. cum testes
371 1226 1906 1332 in iudicio secundum consuetudinem nominarentur. neglexit impug-
371 1284 1911 1391 nare. nec huiusmodi consanguineitatem. obiicere demum circa te
376 1352 1920 1456 stium iuramentum. opponendo predictus dominicus. testimonium
384 1419 1915 1534 dicti Petri. propter prefatam consanguineitatem. constanter asseruit
non valere. et sic dicebat se causam eandem obtenturum. Nos con-
376 1554 1915 1658 siderantes. Que amicabiles compositores. seu mediatores. con-
371 1617 1915 1726 sanguinei esse consueverunt. Declaramus in tali casu testimo
380 1682 1550 1789 nium predicti Petro pro Conrado valiturum.
367 1749 1789 1882 De Prescriptione hereditatis petende
434 1958 523 2057 C
604 1895 1904 2002 Um prescriptio. propter segniciem. et pigriciam domi-
591 1982 1902 2067 norum sit instituta. Proinde statuimus. et decerni-
602 2036 1906 2136 mus. que si aliquis credit. vel reputat se habere aliquid
376 2104 1906 2206 ius. ad aliquam hereditatem. quam aliquis presentialiter possidet
384 2167 1915 2278 Si infra tres annos. et tres menses. tempore pacis. et concordie su
376 2234 1911 2339 stinet. et patitur pacifice ipsum possessorem. possidere eandem
365 2295 1915 2413 hereditatem. ita tamen quod licet possit de facili. infra predictum tempus
380 2367 1911 2471 et spacium trium annorum et mensium. ad ipsum possidentem venire
382 2434 1911 2547 vel coram iudice convenire eundem tamen immotam eandem reliquit que
365 2495 1900 2613 stionem et passus est possidentem. extunc ab omni iure heredi-
371 2567 1911 2682 tatis. quomodolibet sibi competente. censemus eundem post
369 2636 1765 2743 decursum trium annorum. et trium mensium cecidisse.
371 2691 1920 2843 De prescriptione obligate hereditatis. redi
356 2795 1345 2917 mende vel non redimende
414 3003 526 3100 S
593 2939 1893 3043 I vero aliquis dedit bona quidam hereditaria. in obligatio
578 3019 1906 3113 nem. seu pignorationem. volumus et decernimus quod
589 3095 1893 3206 idem sic obligans. aut eo deficiente eius consanguinei.
1728 3192 1856 3254 c ii
2046 926 2380 1008 ☞In probatione
2041 986 2378 1060 bonorum venditorum
2026 1036 2374 1104 consanguinei quo com-
2035 1084 2383 1152 muniter in contracti
2041 1128 2367 1202 bus mediant. licite
2037 1176 2296 1269 testificabuntur
2039 1804 2367 1895 ☞Possessor trium
2028 1876 2367 1945 annorum. et trium
2028 1926 2372 1989 mensium. nullo iure
2028 1969 2367 2039 vincitur. nisi constaret.
2037 2017 2365 2084 que interim non potuit
2030 2065 2376 2132 aliquis iure aggre-
2026 2108 2367 2193 di possessorem pacis
2030 2158 2191 2236 tempore
2033 2549 2367 2645 ☞Obligatam villam
2017 2628 2359 2699 si unquam redimere cu
2020 2673 2365 2745 piat annuatim in par-
2020 2728 2359 2793 rochia aut in iudicio
2020 2769 2357 2841 notificet. Et obliga
2017 2821 2359 2891 tionem et summam sic
2015 2869 2365 2941 etiam per annos triginta
2015 2917 2363 2989 ius proprietatis redi-
2017 2963 2350 3039 mende. non perdet sed per
2026 3017 2365 3080 continuos quindecim an-
2017 3065 2363 3134 nos silendo silentium ha
2015 3106 2365 3199 biturur erit perpetuus
2022 3160 2198 3249 pacis tempore.
