<?xml version='1.0' encoding='UTF-8'?>
<PcGts xmlns:xsi="http://www.w3.org/2001/XMLSchema-instance" xmlns="http://schema.primaresearch.org/PAGE/gts/pagecontent/2019-07-15" xsi:schemaLocation="http://schema.primaresearch.org/PAGE/gts/pagecontent/2019-07-15 http://schema.primaresearch.org/PAGE/gts/pagecontent/2019-07-15/pagecontent.xsd"><Metadata><Creator>prov=University of Rostock/Institute of Mathematics/CITlab|PLANET AI GmbH/Tobias Gruening/tobias.gruening@planet-ai.de:name=/net_tf/LA73_249_0mod360.pb:de.uros.citlab.segmentation.CITlab_LA_ML:v=2.6.7
Transkribus</Creator><Created>2021-10-10T01:59:12</Created><LastChange>2022-12-17T12:32:52</LastChange><Comments/></Metadata><Page imageFilename="365138_Co_m_mune_incliti_Polonie_Regni_priuilegium_co_n_s-0198.jpg" imageHeight="3913" imageWidth="2855"><ReadingOrder><OrderedGroup caption="Regions reading order" id="ro_1671276772178"><RegionRefIndexed index="0" regionRef="r1"/></OrderedGroup></ReadingOrder><TextRegion custom="readingOrder {index:0;} structure {type:paragraph;}" id="r1" orientation="0.0" type="paragraph"><Coords points="986,663 986,1642 2544,1642 2544,663"/><TextLine custom="readingOrder {index:0;}" id="r1l1"><Coords points="991,702 991,717 2528,708 2531,693 2526,630 2389,630 2357,615 2354,615 2352,615 2350,615 2320,630 2085,630 2059,617 2056,617 2054,617 1991,630 1970,613 1967,613 1965,613 1787,608 1785,608 1783,608 1780,608 1741,632 1709,621 1706,621 1704,621 1702,621 1674,630 1652,610 1650,610 1648,610 1517,610 1515,610 1513,610 1511,610 1478,630 1243,613 1241,613 1239,613 1237,613 1208,634 1148,617 1145,617 1143,617 1141,617 1104,634 989,632 991,702"/><Baseline points="993,704 1074,702 1155,701 1236,701 1317,701 1398,699 1479,701 1560,701 1641,701 1722,701 1803,701 1884,702 1965,702 2046,702 2127,701 2208,701 2289,700 2370,699 2451,697 2532,695"/><TextEquiv><Unicode>na piscina. lacus. et alia bona: quibuscunque specialibus vo-</Unicode></TextEquiv></TextLine><TextLine custom="readingOrder {index:1;}" id="r1l2"><Coords points="985,769 985,793 2511,773 2513,760 2507,699 982,713 985,769"/><Baseline points="986,770 1062,768 1138,767 1215,765 1291,765 1368,765 1444,765 1520,765 1597,765 1673,765 1750,766 1826,767 1902,767 1979,767 2055,767 2132,767 2208,767 2284,767 2361,765 2437,764 2514,762"/><TextEquiv><Unicode>citentur nominibus seu vocabulis. que ad presens. et hacte-</Unicode></TextEquiv></TextLine><TextLine custom="readingOrder {index:2;}" id="r1l3"><Coords points="987,832 987,854 2520,852 2522,830 2517,771 985,778 987,832"/><Baseline points="989,834 1065,834 1142,833 1219,833 1295,831 1372,831 1449,831 1525,831 1602,831 1679,831 1756,831 1832,831 1909,831 1986,833 2062,833 2139,833 2216,833 2292,833 2369,833 2446,831 2523,831"/><TextEquiv><Unicode>nus: ad procurationem Cracoviensem generalem spectant. et per-</Unicode></TextEquiv></TextLine><TextLine custom="readingOrder {index:3;}" id="r1l4"><Coords points="995,899 995,915 2531,910 2533,895 2528,836 993,839 995,899"/><Baseline points="996,902 1077,900 1158,899 1239,899 1320,899 1401,897 1482,897 1563,897 1644,897 1725,897 1806,897 1887,897 1968,897 2049,897 2130,897 2211,897 2292,897 2373,896 2454,896 2535,896"/><TextEquiv><Unicode>tinent. propter Regni nostri sepefati polonie necessitatem. et</Unicode></TextEquiv></TextLine><TextLine custom="readingOrder {index:4;}" id="r1l5"><Coords points="2517,897 2509,897 2481,906 2100,897 2098,897 2000,908 998,902 998,965 998,980 2522,971 2524,958 2517,897 2517,897"/><Baseline points="999,966 1075,966 1151,965 1228,965 1304,964 1380,963 1457,963 1533,963 1609,963 1686,963 1762,963 1838,963 1915,963 1991,962 2067,962 2144,962 2220,962 2296,962 2373,960 2449,960 2526,960"/><TextEquiv><Unicode>firmum ipsius stabilimentum in libera conservantia et inob</Unicode></TextEquiv></TextLine><TextLine custom="readingOrder {index:5;}" id="r1l6"><Coords points="2483,960 2461,960 2439,960 2417,960 2396,960 2374,960 2352,960 2330,960 2309,960 2287,963 2265,963 2243,963 2222,963 2200,963 2196,963 2159,971 1004,969 1006,1032 1006,1045 2154,1049 2157,1049 2535,1036 2537,1023 2535,960 2504,960 2483,960"/><Baseline points="1008,1034 1084,1032 1161,1031 1237,1030 1314,1029 1390,1029 1467,1029 1543,1028 1620,1028 1696,1028 1773,1028 1849,1028 1926,1028 2002,1028 2079,1028 2155,1028 2232,1028 2308,1028 2385,1028 2461,1026 2538,1026"/><TextEquiv><Unicode>ligata: servare stare tenere. et habere volumus. Itaque nulli</Unicode></TextEquiv></TextLine><TextLine custom="readingOrder {index:6;}" id="r1l7"><Coords points="989,1119 2522,1106 2524,1089 2517,1028 1293,1041 989,1032 989,1095 989,1119"/><Baseline points="990,1097 1066,1097 1143,1095 1220,1095 1297,1095 1374,1095 1450,1095 1527,1095 1604,1095 1681,1095 1758,1095 1834,1095 1911,1095 1988,1095 2065,1095 2142,1095 2218,1095 2295,1094 2372,1093 2449,1092 2526,1091"/><TextEquiv><Unicode>hominum cuiuscunque status. et conditionis. aut preeminen-</Unicode></TextEquiv></TextLine><TextLine custom="readingOrder {index:7;}" id="r1l8"><Coords points="1000,1160 1000,1184 2522,1169 2524,1152 2517,1102 998,1106 1000,1160"/><Baseline points="1001,1163 1077,1161 1153,1161 1229,1160 1306,1160 1382,1160 1458,1158 1534,1159 1611,1160 1687,1160 1763,1160 1839,1160 1916,1160 1992,1160 2068,1160 2144,1160 2221,1160 2297,1158 2373,1158 2449,1157 2526,1154"/><TextEquiv><Unicode>tie fuerit dicta bona. vel eorum aliquod: ad procurationem Cra</Unicode></TextEquiv></TextLine><TextLine custom="readingOrder {index:8;}" id="r1l9"><Coords points="2352,1158 2337,1158 2320,1167 2202,1158 2200,1160 2178,1160 2163,1160 2141,1171 1965,1171 1928,1160 1917,1160 1909,1160 1887,1171 1635,1160 1632,1160 1630,1160 1609,1171 1019,1165 1017,1165 1015,1165 982,1176 985,1230 985,1247 2539,1234 2541,1219 2535,1167 2372,1167 2354,1158 2352,1158"/><Baseline points="987,1232 1064,1229 1142,1227 1220,1227 1298,1226 1376,1226 1454,1226 1531,1224 1609,1226 1687,1226 1765,1226 1843,1226 1921,1226 1999,1226 2076,1226 2154,1226 2232,1226 2310,1224 2388,1224 2466,1223 2544,1221"/><TextEquiv><Unicode>coviensem. generalem ad hactenus pertinent. ita ut prefertur in</Unicode></TextEquiv></TextLine><TextLine custom="readingOrder {index:9;}" id="r1l10"><Coords points="1061,1230 1039,1230 1017,1230 995,1239 998,1293 998,1308 2461,1313 2463,1313 2535,1299 2537,1286 2531,1221 2500,1232 1080,1228 1061,1230"/><Baseline points="999,1295 1080,1293 1161,1292 1242,1290 1323,1290 1404,1290 1485,1290 1566,1290 1647,1290 1728,1292 1809,1292 1890,1292 1971,1292 2052,1292 2133,1292 2214,1292 2295,1292 2376,1290 2457,1289 2538,1287"/><TextEquiv><Unicode>obligata: conservabimus. et libera pro huius reipublice. et </Unicode></TextEquiv></TextLine><TextLine custom="readingOrder {index:10;}" id="r1l11"><Coords points="2107,1293 2089,1293 2002,1304 998,1297 1000,1360 1000,1376 2531,1369 2533,1354 2531,1304 2130,1304 2117,1293 2107,1293"/><Baseline points="1001,1361 1077,1359 1154,1359 1230,1359 1307,1359 1384,1359 1460,1359 1537,1359 1614,1359 1690,1359 1767,1359 1844,1359 1920,1359 1997,1359 2074,1359 2150,1359 2227,1359 2304,1358 2380,1358 2457,1356 2534,1356"/><TextEquiv><Unicode>Regni Polonie statu. profectu conservando stare promittimus.</Unicode></TextEquiv></TextLine><TextLine custom="readingOrder {index:11;}" id="r1l12"><Coords points="1915,1360 1893,1360 1872,1360 1850,1360 1828,1360 1806,1360 1785,1360 1763,1360 1750,1360 1706,1369 1004,1360 1004,1423 1004,1441 2535,1434 2537,1419 2531,1356 2380,1367 1917,1360 1915,1360"/><Baseline points="1005,1425 1081,1424 1158,1424 1234,1422 1311,1422 1388,1422 1464,1422 1541,1424 1618,1424 1694,1424 1771,1424 1848,1424 1924,1425 2001,1425 2078,1425 2154,1425 2231,1424 2308,1424 2384,1423 2461,1422 2538,1421"/><TextEquiv><Unicode>Harum quibus sigillum nostrum est subappensum testimo</Unicode></TextEquiv></TextLine><TextLine custom="readingOrder {index:12;}" id="r1l13"><Coords points="2294,1426 2272,1426 2250,1426 2228,1426 2207,1426 2185,1426 2163,1426 2141,1426 989,1430 991,1489 991,1513 2533,1508 2533,1484 2526,1423 2302,1423 2294,1426"/><Baseline points="992,1490 1069,1488 1146,1488 1223,1488 1300,1488 1377,1488 1454,1488 1532,1488 1609,1490 1686,1490 1763,1491 1840,1491 1917,1491 1994,1491 2072,1491 2149,1491 2226,1491 2303,1490 2380,1489 2457,1487 2535,1485"/><TextEquiv><Unicode>nio litterarum Datum Cracovie sabbato proximo ante domi</Unicode></TextEquiv></TextLine><TextLine custom="readingOrder {index:13;}" id="r1l14"><Coords points="989,1552 987,1576 1285,1571 1352,1582 1354,1582 1356,1582 1359,1582 1372,1571 1450,1571 1469,1582 1472,1582 1474,1582 1476,1584 1609,1584 1609,1582 1611,1582 1637,1571 1665,1582 1667,1582 1669,1582 1852,1573 1883,1584 1885,1584 1887,1586 2135,1586 2135,1584 2137,1584 2174,1573 2294,1584 2296,1584 2298,1584 2322,1573 2346,1584 2348,1584 2350,1584 2352,1584 2354,1584 2367,1573 2389,1584 2391,1584 2394,1584 2526,1571 2528,1556 2522,1497 989,1497 989,1552"/><Baseline points="990,1554 1071,1553 1152,1553 1233,1552 1314,1551 1395,1553 1476,1553 1557,1553 1638,1554 1719,1554 1800,1556 1881,1557 1962,1557 2043,1559 2124,1559 2205,1559 2286,1559 2367,1559 2448,1559 2529,1557"/><TextEquiv><Unicode>nicam Iudica. Anno domini. Millesimoquadringentesimo-</Unicode></TextEquiv></TextLine><TextLine custom="readingOrder {index:14;}" id="r1l15"><Coords points="995,1623 993,1647 1071,1639 1222,1649 1224,1649 1415,1641 1417,1623 1417,1567 1369,1554 1367,1554 1365,1554 1363,1554 1361,1554 1348,1565 1287,1554 1285,1554 1195,1565 995,1558 995,1623"/><Baseline points="998,1626 1024,1625 1050,1625 1076,1623 1103,1623 1129,1622 1155,1620 1181,1620 1208,1620 1234,1619 1260,1619 1286,1619 1313,1620 1339,1621 1365,1622 1391,1623 1418,1626"/><TextEquiv><Unicode>quadragesimo.</Unicode></TextEquiv></TextLine><TextEquiv><Unicode>na piscina. lacus. et alia bona: quibuscunque specialibus vo-
citentur nominibus seu vocabulis. que ad presens. et hacte-
nus: ad procurationem Cracoviensem generalem spectant. et per-
tinent. propter Regni nostri sepefati polonie necessitatem. et
firmum ipsius stabilimentum in libera conservantia et inob
ligata: servare stare tenere. et habere volumus. Itaque nulli
hominum cuiuscunque status. et conditionis. aut preeminen-
tie fuerit dicta bona. vel eorum aliquod: ad procurationem Cra
coviensem. generalem ad hactenus pertinent. ita ut prefertur in
obligata: conservabimus. et libera pro huius reipublice. et 
Regni Polonie statu. profectu conservando stare promittimus.
Harum quibus sigillum nostrum est subappensum testimo
nio litterarum Datum Cracovie sabbato proximo ante domi
nicam Iudica. Anno domini. Millesimoquadringentesimo-
quadragesimo.</Unicode></TextEquiv></TextRegion></Page></PcGts>