2855 3913
1563 441 1930 578 Feudalis
911 567 2598 715 eodem feudo assignari domino inferiori. et non potest sibi recusare ali
917 660 2587 780 quem dominum assignatum. utrum fuerit vir vel mulier. de hoc feudo
911 730 2591 854 non potest idem testis esse. aut sententiam invenire contra hominem
917 819 1569 902 in scuto bellico perfectum
917 876 2011 993 De termino et cessatione feudi
971 1042 1070 1151 o
1106 941 2600 1063 Mne ius feudale iam ad finem deduxi. Quidam tamen dicunt
1108 1013 2600 1134 que plures sint infeudationes. que in certo termino finiuntur
1108 1080 2587 1189 sicut feudum scuti. quod cum scuto cessabit: et feudum edi-
917 1139 2600 1260 ficii quod cessat. cum possessor amplius non habitat in eodem. Istud
911 1210 2591 1319 totum est iustum. Qui feudum a domino collatum debet stabiliter
930 1280 2587 1393 manere usque ad obitum investiti. nisi hoc sponte resignet. aut per sen-
932 1343 2600 1460 tentiam privetur eodem. ¶ Iustitia de facili posset omnibus exhiberi.
932 1413 2600 1519 si tot non essent et tanti qui eam iniuriis opprimunt et pervertunt pro
926 1476 2602 1586 sua privata utilitate. et quod tunc pro iure offerunt. Sed si ab alio:
928 1539 2609 1656 illis hoc fieret pro summa iniuria reputarent. Quia nullus est ita in
919 1608 2604 1721 iustus. nisi sibi incongruum videatur si per iniuriam condemnatur. et
930 1671 2596 1791 ideo pluribus oportet uti rationibus antequam iniuria per iustitiam de-
930 1736 2591 1863 primatur. ¶ Qui ad omnes causas quod iustum est et verum loquitur
919 1806 2602 1913 multos sibi cumulat inimicos. hoc probus quilibet parvipendat pro-
924 1865 2609 1997 pter deum et proprium honorem. liber iste non paucos habebit emulos
930 1934 2604 2054 et omnes qui contra deum et iustitiam eriguntur super manifestationem
924 1997 2609 2126 iuniurie erubescunt confundi. et in iustitiam palam venire quantum in eis
924 2102 956 2186 est minime paciuntur
913 2121 2617 2286 De eo quod dominus vasallum ad alios terminos
930 2243 1669 2367 evocare non poterit.
944 2384 1076 2534 i
1108 2310 2615 2436 Nfra terminum quem constituit dominus vasallo sibi ad respon
1115 2386 2609 2499 dendum in iudicio feudali non potest eidem alium assignare
1102 2449 2596 2569 super alia causa. Nec potest alius dominus ipsos vasallos infra
930 2515 2615 2626 terminum memoratum ad suum iudicium evocare: et ipsi in obsequio
924 2580 2609 2693 sunt Regis: dum domino suo ex parte imperii assistunt ad iudicium
932 2647 2611 2765 feudale celebrandum. sicut ad eorum feuda pertinet. hoc aut oportebit
934 2710 2609 2828 ipsos aut eorum nuncios iureiurando probare. Si autem Regis ex-
921 2769 2611 2908 peditio vel curia: ad iudicium feudale cittato per sententia fuerit tempore
934 2834 2615 2958 debito nunciata. liber erit a iudicio domini sui. et opportunitas Im
934 2897 2620 3032 perii ipsum compellit si illud impedimentum fuerit in iudicio feudali
934 2969 2617 3104 secundum ius probatum. ¶ Iudicium provinciale non potest quis evadere
934 3039 2600 3167 per obsequium Imperii: quia oportebit ipsum eius sententias ad-
921 3130 2298 3247 versum se sustinere. et in Regis obsequio constitutum
606 1352 871 1445 De oppressori
613 1426 834 1530 bus iustitie
