2855 3913
1385 376 2128 513 Terrarum Prussie
1011 476 2550 639 ¶ Privilegium pacis et concordie per Vla
1013 593 2557 726 dislaum Iagellonis. tunc polonie et postea
1015 676 2552 810 hungarie Regem in Brescziie Cuiiavie fa-
1011 763 2567 908 cte. cum Paulo de Rusdorff Magistro prussie
1013 852 2557 999 que facta erat Anno domini. Millesimoquan-
1028 949 2572 1091 dringentesimotricesimosexto presentibus
1011 1032 2567 1165 Magno duce Lithwanie Sigismundo ei-
1013 1119 2572 1260 usque filio Michaele. item ducibus Stolpensi
1017 1219 2567 1358 et Mazovie. et universis de Regno. et de
1013 1308 2548 1452 Magnoducatu Lithwanie. prelatis Ba-
1017 1399 2548 1534 ronibus. et consiliariis. in fine privilegii sub
1006 1502 1924 1636 scriptis quod sic sequitur
1199 1916 1305 2025 i
1476 1658 2554 1808 N nomine domini Amem. Ad
1463 1765 2537 1878 perpetuam rei memoriam: convenit actus homi-
1472 1839 2548 1941 num qui vetustate cadunt. et successu temporis
1463 1902 2546 2008 in oblivionem vertuntur solidis scripturarum et
1467 1967 2539 2080 testium fundamentis commendare In quorum cus
1463 2032 2541 2141 todia nullis marcescunt temporibus. sed super iugis
1463 2097 2537 2199 perhennatione memorie incommutabiles servan-
tur. Proinde Nos Vladislaus deigratia Rex
1015 2232 2548 2343 polonie. Necnon terrarum Cracovie. Sandomirie Siradie. Lan
1013 2302 2537 2397 cicie. Cuiiavie Lithwanie princeps supremus. Pomeranie.
1028 2360 2546 2469 Russie. et cetera. Significamus tenore presentium quibus expedit
1019 2432 2539 2526 universis presentibus et futuris notitiam presentium habituris
1028 2493 2524 2599 Quomodo cum divini dispensatione consilii. huius Regni recepimus
1008 2558 2541 2667 gubernacula. ad hoc quoque tamen in terris obtinuimus principatum
1021 2628 2539 2739 ut propensiori cura. et vigilantia nostra. semper studia extendamus
1015 2693 2541 2799 per que pacis desideranda tranquillitas inter Christifideles: ex
1024 2763 2522 2860 quorum discordia. non solum terrarum et urbium. sed provinciarum
1021 2828 2535 2928 atque Regnorum resultant excidia. prout in plerisque lugenda atque
1019 2886 2537 2997 calamitosa exempla mortalibus exhibent argumenta. procurari
1015 2949 2537 3058 queant et procurata auctore pacis. de Trono sue ineffabilis ma
1019 3017 2539 3132 iestatis. atque potentie concludi et mediis salutaribus stabiliri ac
1019 3082 2533 3221 extolli felicibus incrementis. ¶ Et attendendentes que non nisi in pace
