<?xml version="1.0" encoding="UTF-8" standalone="yes"?>
<PcGts xmlns="http://schema.primaresearch.org/PAGE/gts/pagecontent/2013-07-15" xmlns:xsi="http://www.w3.org/2001/XMLSchema-instance" xsi:schemaLocation="http://schema.primaresearch.org/PAGE/gts/pagecontent/2013-07-15 http://schema.primaresearch.org/PAGE/gts/pagecontent/2013-07-15/pagecontent.xsd">
    <Metadata>
        <Creator>prov=University of Rostock/Institute of Mathematics/CITlab|PLANET AI GmbH/Tobias Gruening/tobias.gruening@planet-ai.de:name=/net_tf/LA73_249_0mod360.pb:de.uros.citlab.segmentation.CITlab_LA_ML:v=2.6.7
Transkribus</Creator>
        <Created>2021-10-10T01:59:20.761+02:00</Created>
        <LastChange>2021-11-12T21:19:08.002+01:00</LastChange>
        <TranskribusMetadata docId="800866" pageId="30104592" pageNr="698" tsid="66230706" status="IN_PROGRESS" userId="14555" imgUrl="https://files.transkribus.eu/Get?id=DQIVACWDEBXAENKBSZJYFWTL&amp;fileType=view" xmlUrl="https://files.transkribus.eu/Get?id=GFSADGANEJDBAWLQECDXANPV" imageId="23647923"/>
    </Metadata>
    <Page imageFilename="365138_Co_m_mune_incliti_Polonie_Regni_priuilegium_co_n_s-0698.jpg" imageWidth="2855" imageHeight="3913">
        <ReadingOrder>
            <OrderedGroup id="ro_1636748348015" caption="Regions reading order">
                <RegionRefIndexed index="0" regionRef="TextRegion_1636736547275_610"/>
                <RegionRefIndexed index="1" regionRef="TextRegion_1636736547275_609"/>
                <RegionRefIndexed index="2" regionRef="r1"/>
            </OrderedGroup>
        </ReadingOrder>
        <TextRegion orientation="0.0" type="header" id="TextRegion_1636736547275_610" custom="readingOrder {index:0;} structure {type:header;}">
            <Coords points="744,487 2469,487 2469,580 744,580"/>
            <TextLine id="r2l1" custom="readingOrder {index:0;}">
                <Coords points="1305,538 1336,540 1368,540 1399,540 1431,540 1462,540 1494,540 1525,540 1557,540 1588,540 1620,540 1651,540 1683,540 1714,540 1746,540 1777,538 1809,538 1840,538 1872,537 1904,535 1904,487 1872,489 1840,490 1809,490 1777,490 1746,492 1714,492 1683,492 1651,492 1620,492 1588,492 1557,492 1525,492 1494,492 1462,492 1431,492 1399,492 1368,492 1336,492 1305,490"/>
                <Baseline points="1305,522 1336,524 1368,524 1399,524 1431,524 1462,524 1494,524 1525,524 1557,524 1588,524 1620,524 1651,524 1683,524 1714,524 1746,524 1777,522 1809,522 1840,522 1872,521 1904,519"/>
                <TextEquiv>
                    <Unicode>Liber Quartus</Unicode>
                </TextEquiv>
            </TextLine>
            <TextEquiv>
                <Unicode>Liber Quartus</Unicode>
            </TextEquiv>
        </TextRegion>
        <TextRegion orientation="0.0" type="paragraph" id="TextRegion_1636736547275_609" custom="readingOrder {index:1;} structure {type:paragraph;}">
            <Coords points="744,580 2469,580 2469,2998 744,2998"/>
            <TextLine id="r2l2" custom="readingOrder {index:0;}">
                <Coords points="749,685 834,682 920,680 1005,678 1091,676 1177,675 1262,673 1348,673 1434,673 1519,673 1605,674 1691,675 1776,675 1862,676 1948,678 2033,678 2119,679 2205,679 2290,679 2376,681 2462,681 2462,633 2376,633 2290,631 2205,631 2119,631 2033,630 1948,630 1862,628 1776,627 1691,627 1605,626 1519,625 1434,625 1348,625 1262,625 1177,627 1091,628 1005,630 920,632 834,634 749,637"/>
                <Baseline points="749,669 834,666 920,664 1005,662 1091,660 1177,659 1262,657 1348,657 1434,657 1519,657 1605,658 1691,659 1776,659 1862,660 1948,662 2033,662 2119,663 2205,663 2290,663 2376,665 2462,665"/>
                <TextEquiv>
                    <Unicode>guinem domini nostri Iesu christi contingit accipere per triduum</Unicode>
                </TextEquiv>
            </TextLine>
            <TextLine id="r2l3" custom="readingOrder {index:1;}">
                <Coords points="767,746 850,744 934,743 1018,743 1102,741 1186,741 1270,741 1353,740 1437,740 1521,740 1605,740 1689,741 1773,741 1857,741 1940,741 2024,741 2108,742 2192,743 2276,743 2360,743 2444,743 2444,697 2360,697 2276,697 2192,697 2108,696 2024,695 1940,695 1857,695 1773,695 1689,695 1605,694 1521,694 1437,694 1353,694 1270,695 1186,695 1102,695 1018,697 934,697 850,698 767,700"/>
                <Baseline points="767,731 850,729 934,728 1018,728 1102,726 1186,726 1270,726 1353,725 1437,725 1521,725 1605,725 1689,726 1773,726 1857,726 1940,726 2024,726 2108,727 2192,728 2276,728 2360,728 2444,728"/>
                <TextEquiv>
                    <Unicode>anteqʒ~~ eos lactent lac effundere eas faciunt in laternam. Alia insu-</Unicode>
                </TextEquiv>
            </TextLine>
            <TextLine id="r2l4" custom="readingOrder {index:2;}">
                <Coords points="758,813 842,810 926,809 1011,809 1095,807 1180,806 1264,806 1349,806 1433,806 1518,806 1602,806 1686,806 1771,807 1855,807 1940,807 2024,809 2109,809 2193,809 2278,809 2362,810 2447,810 2447,764 2362,764 2278,763 2193,763 2109,763 2024,763 1940,761 1855,761 1771,761 1686,760 1602,760 1518,760 1433,760 1349,760 1264,760 1180,760 1095,761 1011,763 926,763 842,764 758,767"/>
                <Baseline points="758,798 842,795 926,794 1011,794 1095,792 1180,791 1264,791 1349,791 1433,791 1518,791 1602,791 1686,791 1771,792 1855,792 1940,792 2024,794 2109,794 2193,794 2278,794 2362,795 2447,795"/>
                <TextEquiv>
                    <Unicode>per contra fidem catholicam detestabilia ⁊ mandata committuntur</Unicode>
                </TextEquiv>
            </TextLine>
            <TextLine id="r2l5" custom="readingOrder {index:3;}">
                <Coords points="761,878 845,876 930,875 1014,873 1099,872 1183,872 1268,872 1352,872 1437,872 1521,872 1606,872 1690,872 1775,872 1859,873 1944,873 2028,873 2113,875 2197,875 2282,875 2366,875 2451,875 2451,829 2366,829 2282,829 2197,829 2113,829 2028,827 1944,827 1859,827 1775,826 1690,826 1606,826 1521,826 1437,826 1352,826 1268,826 1183,826 1099,826 1014,827 930,829 845,830 761,832"/>
                <Baseline points="761,863 845,861 930,860 1014,858 1099,857 1183,857 1268,857 1352,857 1437,857 1521,857 1606,857 1690,857 1775,857 1859,858 1944,858 2028,858 2113,860 2197,860 2282,860 2366,860 2451,860"/>
                <TextEquiv>
                    <Unicode>propter que fidelibus est verendum ne diuinam indignationem in-</Unicode>
                </TextEquiv>
            </TextLine>
            <TextLine id="r2l6" custom="readingOrder {index:4;}">
                <Coords points="764,941 849,941 934,941 1019,941 1104,939 1189,939 1274,939 1359,939 1444,939 1529,939 1615,939 1700,939 1785,939 1870,939 1955,939 2040,939 2125,941 2210,941 2295,941 2380,941 2466,942 2466,896 2380,895 2295,895 2210,895 2125,895 2040,893 1955,893 1870,893 1785,893 1700,893 1615,893 1529,893 1444,893 1359,893 1274,893 1189,893 1104,893 1019,895 934,895 849,895 764,895"/>
                <Baseline points="764,926 849,926 934,926 1019,926 1104,924 1189,924 1274,924 1359,924 1444,924 1529,924 1615,924 1700,924 1785,924 1870,924 1955,924 2040,924 2125,926 2210,926 2295,926 2380,926 2466,927"/>
                <TextEquiv>
                    <Unicode>currant quando perpetrare sustineant que fidei nostre confusionem</Unicode>
                </TextEquiv>
            </TextLine>
            <TextLine id="r2l7" custom="readingOrder {index:5;}">
                <Coords points="761,1007 846,1007 931,1005 1016,1005 1101,1005 1187,1005 1272,1004 1357,1004 1442,1004 1527,1004 1613,1004 1698,1004 1783,1004 1868,1004 1953,1004 2039,1004 2124,1005 2209,1005 2294,1005 2379,1005 2465,1005 2465,959 2379,959 2294,959 2209,959 2124,959 2039,958 1953,958 1868,958 1783,958 1698,958 1613,958 1527,958 1442,958 1357,958 1272,958 1187,959 1101,959 1016,959 931,959 846,961 761,961"/>
                <Baseline points="761,992 846,992 931,990 1016,990 1101,990 1187,990 1272,989 1357,989 1442,989 1527,989 1613,989 1698,989 1783,989 1868,989 1953,989 2039,989 2124,990 2209,990 2294,990 2379,990 2465,990"/>
                <TextEquiv>
                    <Unicode>inducant. Inhibemus ergo districte ne decetero nutrices vel obsti</Unicode>
                </TextEquiv>
            </TextLine>
            <TextLine id="r2l8" custom="readingOrder {index:6;}">
                <Coords points="762,1071 847,1071 932,1071 1017,1071 1102,1071 1187,1070 1272,1070 1357,1070 1442,1070 1527,1070 1612,1070 1697,1071 1782,1071 1867,1071 1952,1071 2037,1071 2122,1071 2207,1071 2292,1071 2377,1071 2463,1071 2463,1025 2377,1025 2292,1025 2207,1025 2122,1025 2037,1025 1952,1025 1867,1025 1782,1025 1697,1025 1612,1024 1527,1024 1442,1024 1357,1024 1272,1024 1187,1024 1102,1025 1017,1025 932,1025 847,1025 762,1025"/>
                <Baseline points="762,1056 847,1056 932,1056 1017,1056 1102,1056 1187,1055 1272,1055 1357,1055 1442,1055 1527,1055 1612,1055 1697,1056 1782,1056 1867,1056 1952,1056 2037,1056 2122,1056 2207,1056 2292,1056 2377,1056 2463,1056"/>
                <TextEquiv>
                    <Unicode>trices aut seruitrices habeant christianas ne ipsas ex familiaritate</Unicode>
                </TextEquiv>
            </TextLine>
            <TextLine id="r2l9" custom="readingOrder {index:7;}">
                <Coords points="758,1138 842,1138 927,1138 1011,1138 1096,1137 1181,1137 1265,1137 1350,1137 1434,1137 1519,1138 1604,1138 1688,1138 1773,1138 1857,1138 1942,1138 2027,1138 2111,1138 2196,1138 2280,1138 2365,1138 2450,1138 2450,1090 2365,1090 2280,1090 2196,1090 2111,1090 2027,1090 1942,1090 1857,1090 1773,1090 1688,1090 1604,1090 1519,1090 1434,1089 1350,1089 1265,1089 1181,1089 1096,1089 1011,1090 927,1090 842,1090 758,1090"/>
                <Baseline points="758,1122 842,1122 927,1122 1011,1122 1096,1121 1181,1121 1265,1121 1350,1121 1434,1121 1519,1122 1604,1122 1688,1122 1773,1122 1857,1122 1942,1122 2027,1122 2111,1122 2196,1122 2280,1122 2365,1122 2450,1122"/>
                <TextEquiv>
                    <Unicode>sua ad sue infidelitatis errorem pertrahant ⁊ inducant. Et ne filie li</Unicode>
                </TextEquiv>
            </TextLine>
            <TextLine id="r2l10" custom="readingOrder {index:8;}">
                <Coords points="752,1204 837,1204 922,1203 1007,1203 1092,1203 1177,1203 1262,1203 1347,1203 1432,1203 1517,1203 1603,1203 1688,1203 1773,1203 1858,1204 1943,1204 2028,1204 2113,1204 2198,1204 2283,1204 2368,1204 2454,1204 2454,1156 2368,1156 2283,1156 2198,1156 2113,1156 2028,1156 1943,1156 1858,1156 1773,1155 1688,1155 1603,1155 1517,1155 1432,1155 1347,1155 1262,1155 1177,1155 1092,1155 1007,1155 922,1155 837,1156 752,1156"/>
                <Baseline points="752,1188 837,1188 922,1187 1007,1187 1092,1187 1177,1187 1262,1187 1347,1187 1432,1187 1517,1187 1603,1187 1688,1187 1773,1187 1858,1188 1943,1188 2028,1188 2113,1188 2198,1188 2283,1188 2368,1188 2454,1188"/>
                <TextEquiv>
                    <Unicode>bere filijs famulentur ancille sed tanqʒ~~ serui a domino reprobati i~</Unicode>
                </TextEquiv>
            </TextLine>
            <TextLine id="r2l11" custom="readingOrder {index:9;}">
                <Coords points="761,1269 845,1268 930,1268 1014,1268 1099,1268 1183,1268 1268,1268 1352,1268 1437,1268 1521,1268 1606,1268 1690,1268 1775,1268 1859,1268 1944,1268 2028,1268 2113,1269 2197,1269 2282,1269 2366,1269 2451,1269 2451,1223 2366,1223 2282,1223 2197,1223 2113,1223 2028,1222 1944,1222 1859,1222 1775,1222 1690,1222 1606,1222 1521,1222 1437,1222 1352,1222 1268,1222 1183,1222 1099,1222 1014,1222 930,1222 845,1222 761,1223"/>
                <Baseline points="761,1254 845,1253 930,1253 1014,1253 1099,1253 1183,1253 1268,1253 1352,1253 1437,1253 1521,1253 1606,1253 1690,1253 1775,1253 1859,1253 1944,1253 2028,1253 2113,1254 2197,1254 2282,1254 2366,1254 2451,1254"/>
                <TextEquiv>
                    <Unicode>cuius mortem nequiter coniurauerunt se saltem per effectum ope-</Unicode>
                </TextEquiv>
            </TextLine>
            <TextLine id="r2l12" custom="readingOrder {index:10;}">
                <Coords points="759,1334 843,1332 928,1332 1013,1332 1098,1332 1183,1332 1268,1332 1353,1332 1438,1332 1523,1332 1608,1332 1692,1334 1777,1334 1862,1334 1947,1334 2032,1334 2117,1335 2202,1335 2287,1335 2372,1335 2457,1334 2457,1288 2372,1289 2287,1289 2202,1289 2117,1289 2032,1288 1947,1288 1862,1288 1777,1288 1692,1288 1608,1286 1523,1286 1438,1286 1353,1286 1268,1286 1183,1286 1098,1286 1013,1286 928,1286 843,1286 759,1288"/>
                <Baseline points="759,1319 843,1317 928,1317 1013,1317 1098,1317 1183,1317 1268,1317 1353,1317 1438,1317 1523,1317 1608,1317 1692,1319 1777,1319 1862,1319 1947,1319 2032,1319 2117,1320 2202,1320 2287,1320 2372,1320 2457,1319"/>
                <TextEquiv>
                    <Unicode>ris illorum seruos ⁊ famulos recognoscant: quos christi mors li-</Unicode>
                </TextEquiv>
            </TextLine>
            <TextLine id="r2l13" custom="readingOrder {index:11;}">
                <Coords points="765,1400 849,1400 933,1400 1017,1400 1101,1400 1185,1400 1269,1400 1354,1400 1438,1400 1522,1400 1606,1400 1690,1400 1774,1400 1858,1400 1943,1400 2027,1400 2111,1400 2195,1400 2279,1401 2363,1401 2448,1401 2448,1355 2363,1355 2279,1355 2195,1354 2111,1354 2027,1354 1943,1354 1858,1354 1774,1354 1690,1354 1606,1354 1522,1354 1438,1354 1354,1354 1269,1354 1185,1354 1101,1354 1017,1354 933,1354 849,1354 765,1354"/>
                <Baseline points="765,1385 849,1385 933,1385 1017,1385 1101,1385 1185,1385 1269,1385 1354,1385 1438,1385 1522,1385 1606,1385 1690,1385 1774,1385 1858,1385 1943,1385 2027,1385 2111,1385 2195,1385 2279,1386 2363,1386 2448,1386"/>
                <TextEquiv>
                    <Unicode>beros ⁊ illos perpetue effecit seruos. Si vero hac prohibitione no</Unicode>
                </TextEquiv>
            </TextLine>
            <TextLine id="r2l14" custom="readingOrder {index:12;}">
                <Coords points="759,1463 844,1463 929,1463 1015,1463 1100,1463 1185,1463 1271,1463 1356,1464 1441,1464 1527,1464 1612,1464 1697,1464 1783,1464 1868,1466 1953,1466 2039,1466 2124,1466 2209,1466 2295,1467 2380,1467 2466,1467 2466,1421 2380,1421 2295,1421 2209,1420 2124,1420 2039,1420 1953,1420 1868,1420 1783,1418 1697,1418 1612,1418 1527,1418 1441,1418 1356,1418 1271,1417 1185,1417 1100,1417 1015,1417 929,1417 844,1417 759,1417"/>
                <Baseline points="759,1448 844,1448 929,1448 1015,1448 1100,1448 1185,1448 1271,1448 1356,1449 1441,1449 1527,1449 1612,1449 1697,1449 1783,1449 1868,1451 1953,1451 2039,1451 2124,1451 2209,1451 2295,1452 2380,1452 2466,1452"/>
                <TextEquiv>
                    <Unicode>stra: ymmo verius ampliato contemptu nutrices ⁊ obstitrices: et</Unicode>
                </TextEquiv>
            </TextLine>
            <TextLine id="r2l15" custom="readingOrder {index:13;}">
                <Coords points="756,1531 840,1529 925,1529 1009,1528 1094,1528 1179,1528 1263,1528 1348,1528 1432,1528 1517,1528 1602,1529 1686,1529 1771,1529 1855,1531 1940,1531 2025,1531 2109,1531 2194,1532 2278,1532 2363,1531 2448,1531 2448,1488 2363,1488 2278,1489 2194,1489 2109,1488 2025,1488 1940,1488 1855,1488 1771,1486 1686,1486 1602,1486 1517,1485 1432,1485 1348,1485 1263,1485 1179,1485 1094,1485 1009,1485 925,1486 840,1486 756,1488"/>
                <Baseline points="756,1517 840,1515 925,1515 1009,1514 1094,1514 1179,1514 1263,1514 1348,1514 1432,1514 1517,1514 1602,1515 1686,1515 1771,1515 1855,1517 1940,1517 2025,1517 2109,1517 2194,1518 2278,1518 2363,1517 2448,1517"/>
                <TextEquiv>
                    <Unicode>aliam familiam non dimiserint christianam. Episcopi locorum sub</Unicode>
                </TextEquiv>
            </TextLine>
            <TextLine id="r2l16" custom="readingOrder {index:14;}">
                <Coords points="758,1595 842,1594 927,1592 1012,1591 1097,1589 1182,1589 1266,1589 1351,1588 1436,1588 1521,1589 1606,1589 1690,1589 1775,1591 1860,1591 1945,1592 2030,1592 2114,1592 2199,1594 2284,1594 2369,1594 2454,1595 2454,1552 2369,1551 2284,1551 2199,1551 2114,1549 2030,1549 1945,1549 1860,1548 1775,1548 1690,1546 1606,1546 1521,1546 1436,1545 1351,1545 1266,1546 1182,1546 1097,1546 1012,1548 927,1549 842,1551 758,1552"/>
                <Baseline points="758,1581 842,1580 927,1578 1012,1577 1097,1575 1182,1575 1266,1575 1351,1574 1436,1574 1521,1575 1606,1575 1690,1575 1775,1577 1860,1577 1945,1578 2030,1578 2114,1578 2199,1580 2284,1580 2369,1580 2454,1581"/>
                <TextEquiv>
                    <Unicode>exco~municationis inhibeant pena districte omnibus christianis ne</Unicode>
                </TextEquiv>
            </TextLine>
            <TextLine id="r2l17" custom="readingOrder {index:15;}">
                <Coords points="764,1664 848,1662 932,1662 1016,1661 1100,1661 1184,1659 1268,1659 1352,1658 1436,1658 1520,1658 1604,1656 1688,1656 1772,1656 1856,1656 1940,1656 2024,1656 2108,1656 2192,1656 2276,1658 2360,1658 2445,1658 2445,1613 2360,1613 2276,1613 2192,1611 2108,1611 2024,1611 1940,1611 1856,1611 1772,1611 1688,1611 1604,1611 1520,1613 1436,1613 1352,1613 1268,1614 1184,1614 1100,1616 1016,1616 932,1617 848,1617 764,1619"/>
                <Baseline points="764,1649 848,1647 932,1647 1016,1646 1100,1646 1184,1644 1268,1644 1352,1643 1436,1643 1520,1643 1604,1641 1688,1641 1772,1641 1856,1641 1940,1641 2024,1641 2108,1641 2192,1641 2276,1643 2360,1643 2445,1643"/>
                <TextEquiv>
                    <Unicode>cum iudeis commune aliquid audeant exercere. Item in die para-</Unicode>
                </TextEquiv>
            </TextLine>
            <TextLine id="r2l18" custom="readingOrder {index:16;}">
                <Coords points="758,1732 842,1732 927,1731 1012,1731 1097,1729 1181,1729 1266,1728 1351,1728 1436,1728 1520,1728 1605,1728 1690,1728 1775,1728 1859,1728 1944,1728 2029,1728 2114,1729 2198,1729 2283,1731 2368,1731 2453,1732 2453,1684 2368,1683 2283,1683 2198,1681 2114,1681 2029,1680 1944,1680 1859,1680 1775,1680 1690,1680 1605,1680 1520,1680 1436,1680 1351,1680 1266,1680 1181,1681 1097,1681 1012,1683 927,1683 842,1684 758,1684"/>
                <Baseline points="758,1716 842,1716 927,1715 1012,1715 1097,1713 1181,1713 1266,1712 1351,1712 1436,1712 1520,1712 1605,1712 1690,1712 1775,1712 1859,1712 1944,1712 2029,1712 2114,1713 2198,1713 2283,1715 2368,1715 2453,1716"/>
                <TextEquiv>
                    <Unicode>sceue die dominice passionis Christi Iudei in publicum non prode</Unicode>
                </TextEquiv>
            </TextLine>
            <TextLine id="r2l19" custom="readingOrder {index:17;}">
                <Coords points="752,1798 837,1798 923,1797 1008,1797 1094,1797 1179,1795 1265,1795 1350,1795 1436,1795 1521,1795 1607,1794 1693,1794 1778,1794 1864,1794 1949,1794 2035,1795 2120,1795 2206,1795 2291,1795 2377,1797 2463,1797 2463,1749 2377,1749 2291,1747 2206,1747 2120,1747 2035,1747 1949,1746 1864,1746 1778,1746 1693,1746 1607,1746 1521,1747 1436,1747 1350,1747 1265,1747 1179,1747 1094,1749 1008,1749 923,1749 837,1750 752,1750"/>
                <Baseline points="752,1782 837,1782 923,1781 1008,1781 1094,1781 1179,1779 1265,1779 1350,1779 1436,1779 1521,1779 1607,1778 1693,1778 1778,1778 1864,1778 1949,1778 2035,1779 2120,1779 2206,1779 2291,1779 2377,1781 2463,1781"/>
                <TextEquiv>
                    <Unicode>ant: et per totam ipsam diem sua hostia et fenestras suas clausas te</Unicode>
                </TextEquiv>
            </TextLine>
            <TextLine id="r2l20" custom="readingOrder {index:18;}">
                <Coords points="755,1862 839,1862 924,1862 1008,1862 1093,1862 1178,1860 1262,1860 1347,1860 1432,1860 1516,1860 1601,1859 1686,1859 1770,1859 1855,1859 1940,1859 2024,1859 2109,1860 2194,1860 2278,1860 2363,1862 2448,1863 2448,1817 2363,1816 2278,1814 2194,1814 2109,1814 2024,1813 1940,1813 1855,1813 1770,1813 1686,1813 1601,1813 1516,1814 1432,1814 1347,1814 1262,1814 1178,1814 1093,1816 1008,1816 924,1816 839,1816 755,1816"/>
                <Baseline points="755,1847 839,1847 924,1847 1008,1847 1093,1847 1178,1845 1262,1845 1347,1845 1432,1845 1516,1845 1601,1844 1686,1844 1770,1844 1855,1844 1940,1844 2024,1844 2109,1845 2194,1845 2278,1845 2363,1847 2448,1848"/>
                <TextEquiv>
                    <Unicode>neant: ne christianorum conspectui qui tunc sacratissime memori-</Unicode>
                </TextEquiv>
            </TextLine>
            <TextLine id="r2l21" custom="readingOrder {index:19;}">
                <Coords points="759,1929 843,1929 927,1928 1011,1928 1096,1928 1180,1926 1264,1926 1349,1926 1433,1926 1517,1926 1602,1926 1686,1926 1770,1926 1854,1926 1939,1926 2023,1926 2107,1926 2192,1926 2276,1926 2360,1926 2445,1928 2445,1882 2360,1880 2276,1880 2192,1880 2107,1880 2023,1880 1939,1880 1854,1880 1770,1880 1686,1880 1602,1880 1517,1880 1433,1880 1349,1880 1264,1880 1180,1880 1096,1882 1011,1882 927,1882 843,1883 759,1883"/>
                <Baseline points="759,1914 843,1914 927,1913 1011,1913 1096,1913 1180,1911 1264,1911 1349,1911 1433,1911 1517,1911 1602,1911 1686,1911 1770,1911 1854,1911 1939,1911 2023,1911 2107,1911 2192,1911 2276,1911 2360,1911 2445,1913"/>
                <TextEquiv>
                    <Unicode>am exhibentes passionis: lamentationis signa pretendunt per su-</Unicode>
                </TextEquiv>
            </TextLine>
            <TextLine id="r2l22" custom="readingOrder {index:20;}">
                <Coords points="758,1996 843,1996 928,1996 1013,1995 1098,1995 1183,1995 1268,1993 1353,1993 1438,1993 1523,1993 1609,1992 1694,1992 1779,1992 1864,1992 1949,1992 2034,1993 2119,1993 2204,1995 2289,1995 2374,1996 2460,1998 2460,1950 2374,1948 2289,1947 2204,1947 2119,1945 2034,1945 1949,1944 1864,1944 1779,1944 1694,1944 1609,1944 1523,1945 1438,1945 1353,1945 1268,1945 1183,1947 1098,1947 1013,1947 928,1948 843,1948 758,1948"/>
                <Baseline points="758,1980 843,1980 928,1980 1013,1979 1098,1979 1183,1979 1268,1977 1353,1977 1438,1977 1523,1977 1609,1976 1694,1976 1779,1976 1864,1976 1949,1976 2034,1977 2119,1977 2204,1979 2289,1979 2374,1980 2460,1982"/>
                <TextEquiv>
                    <Unicode>as derisiones et blasphemias in contumeliam prosiliant creatoris.</Unicode>
                </TextEquiv>
            </TextLine>
            <TextLine id="r2l23" custom="readingOrder {index:21;}">
                <Coords points="761,2062 846,2062 931,2061 1017,2061 1102,2061 1188,2061 1273,2059 1358,2059 1444,2059 1529,2059 1615,2058 1700,2058 1785,2058 1871,2058 1956,2058 2042,2059 2127,2059 2212,2061 2298,2061 2383,2062 2469,2064 2469,2016 2383,2014 2298,2013 2212,2013 2127,2011 2042,2011 1956,2010 1871,2010 1785,2010 1700,2010 1615,2010 1529,2011 1444,2011 1358,2011 1273,2011 1188,2013 1102,2013 1017,2013 931,2013 846,2014 761,2014"/>
                <Baseline points="761,2046 846,2046 931,2045 1017,2045 1102,2045 1188,2045 1273,2043 1358,2043 1444,2043 1529,2043 1615,2042 1700,2042 1785,2042 1871,2042 1956,2042 2042,2043 2127,2043 2212,2045 2298,2045 2383,2046 2469,2048"/>
                <TextEquiv>
                    <Unicode>Nulli etiam iudeorum perfruantur offitio aliquo publico. Si au-</Unicode>
                </TextEquiv>
            </TextLine>
            <TextLine id="r2l24" custom="readingOrder {index:22;}">
                <Coords points="753,2130 836,2128 919,2127 1003,2126 1086,2125 1170,2125 1253,2124 1336,2124 1420,2122 1503,2122 1587,2122 1670,2122 1753,2122 1837,2122 1920,2122 2004,2124 2087,2124 2170,2125 2254,2125 2337,2127 2421,2128 2421,2080 2337,2079 2254,2077 2170,2077 2087,2076 2004,2076 1920,2074 1837,2074 1753,2074 1670,2074 1587,2074 1503,2074 1420,2074 1336,2076 1253,2076 1170,2077 1086,2077 1003,2078 919,2079 836,2080 753,2082"/>
                <Baseline points="753,2114 836,2112 919,2111 1003,2110 1086,2109 1170,2109 1253,2108 1336,2108 1420,2106 1503,2106 1587,2106 1670,2106 1753,2106 1837,2106 1920,2106 2004,2108 2087,2108 2170,2109 2254,2109 2337,2111 2421,2112"/>
                <TextEquiv>
                    <Unicode>tem hoc commiserint excommunicauonis sententia enodentur.</Unicode>
                </TextEquiv>
            </TextLine>
            <TextLine id="r2l25" custom="readingOrder {index:23;}">
                <Coords points="752,2195 836,2193 921,2193 1005,2192 1090,2192 1175,2190 1259,2190 1344,2190 1428,2189 1513,2189 1598,2189 1682,2189 1767,2189 1851,2189 1936,2189 2021,2189 2105,2189 2190,2189 2274,2190 2359,2190 2444,2192 2444,2146 2359,2144 2274,2144 2190,2143 2105,2143 2021,2143 1936,2143 1851,2143 1767,2143 1682,2143 1598,2143 1513,2143 1428,2143 1344,2144 1259,2144 1175,2144 1090,2146 1005,2146 921,2147 836,2147 752,2149"/>
                <Baseline points="752,2180 836,2178 921,2178 1005,2177 1090,2177 1175,2175 1259,2175 1344,2175 1428,2174 1513,2174 1598,2174 1682,2174 1767,2174 1851,2174 1936,2174 2021,2174 2105,2174 2190,2174 2274,2175 2359,2175 2444,2177"/>
                <TextEquiv>
                    <Unicode>Ideo vero officiali tamdiu Christianorum communio in conuiui-</Unicode>
                </TextEquiv>
            </TextLine>
            <TextLine id="r2l26" custom="readingOrder {index:24;}">
                <Coords points="749,2261 833,2259 917,2259 1001,2258 1086,2258 1170,2256 1254,2256 1339,2256 1423,2256 1507,2256 1592,2256 1676,2256 1760,2255 1844,2255 1929,2255 2013,2255 2097,2255 2182,2255 2266,2255 2350,2253 2435,2253 2435,2208 2350,2208 2266,2210 2182,2210 2097,2210 2013,2210 1929,2210 1844,2210 1760,2210 1676,2211 1592,2211 1507,2211 1423,2211 1339,2211 1254,2211 1170,2211 1086,2213 1001,2213 917,2214 833,2214 749,2216"/>
                <Baseline points="749,2246 833,2244 917,2244 1001,2243 1086,2243 1170,2241 1254,2241 1339,2241 1423,2241 1507,2241 1592,2241 1676,2241 1760,2240 1844,2240 1929,2240 2013,2240 2097,2240 2182,2240 2266,2240 2350,2238 2435,2238"/>
                <TextEquiv>
                    <Unicode>is et alijs denegetur: donec pauperum Christiauorum secundum</Unicode>
                </TextEquiv>
            </TextLine>
            <TextLine id="r2l27" custom="readingOrder {index:25;}">
                <Coords points="761,2328 845,2328 929,2326 1013,2326 1097,2325 1181,2325 1265,2325 1350,2323 1434,2323 1518,2323 1602,2323 1686,2323 1770,2323 1854,2323 1939,2323 2023,2323 2107,2323 2191,2323 2275,2323 2359,2323 2444,2323 2444,2275 2359,2275 2275,2275 2191,2275 2107,2275 2023,2275 1939,2275 1854,2275 1770,2275 1686,2275 1602,2275 1518,2275 1434,2275 1350,2275 1265,2277 1181,2277 1097,2277 1013,2278 929,2278 845,2280 761,2280"/>
                <Baseline points="761,2312 845,2312 929,2310 1013,2310 1097,2309 1181,2309 1265,2309 1350,2307 1434,2307 1518,2307 1602,2307 1686,2307 1770,2307 1854,2307 1939,2307 2023,2307 2107,2307 2191,2307 2275,2307 2359,2307 2444,2307"/>
                <TextEquiv>
                    <Unicode>prudentiam dyocesani Episcopi conuertent: quicquid fuit Iudeus</Unicode>
                </TextEquiv>
            </TextLine>
            <TextLine id="r2l28" custom="readingOrder {index:26;}">
                <Coords points="749,2395 833,2394 917,2392 1002,2392 1086,2391 1170,2391 1255,2389 1339,2389 1423,2389 1508,2388 1592,2388 1676,2388 1761,2388 1845,2388 1929,2388 2014,2388 2098,2388 2182,2388 2267,2388 2351,2389 2436,2389 2436,2341 2351,2341 2267,2340 2182,2340 2098,2340 2014,2340 1929,2340 1845,2340 1761,2340 1676,2340 1592,2340 1508,2340 1423,2341 1339,2341 1255,2341 1170,2343 1086,2343 1002,2344 917,2344 833,2346 749,2347"/>
                <Baseline points="749,2379 833,2378 917,2376 1002,2376 1086,2375 1170,2375 1255,2373 1339,2373 1423,2373 1508,2372 1592,2372 1676,2372 1761,2372 1845,2372 1929,2372 2014,2372 2098,2372 2182,2372 2267,2372 2351,2373 2436,2373"/>
                <TextEquiv>
                    <Unicode>adeptus exactione offitij publici si suscepti et offitium cum pudo-</Unicode>
                </TextEquiv>
            </TextLine>
            <TextLine id="r2l29" custom="readingOrder {index:27;}">
                <Coords points="759,2460 843,2459 928,2457 1012,2456 1097,2456 1182,2454 1266,2454 1351,2454 1435,2454 1520,2454 1605,2454 1689,2454 1774,2454 1858,2454 1943,2454 2028,2454 2112,2454 2197,2454 2281,2454 2366,2454 2451,2454 2451,2408 2366,2408 2281,2408 2197,2408 2112,2408 2028,2408 1943,2408 1858,2408 1774,2408 1689,2408 1605,2408 1520,2408 1435,2408 1351,2408 1266,2408 1182,2408 1097,2410 1012,2410 928,2411 843,2413 759,2414"/>
                <Baseline points="759,2445 843,2444 928,2442 1012,2441 1097,2441 1182,2439 1266,2439 1351,2439 1435,2439 1520,2439 1605,2439 1689,2439 1774,2439 1858,2439 1943,2439 2028,2439 2112,2439 2197,2439 2281,2439 2366,2439 2451,2439"/>
                <TextEquiv>
                    <Unicode>re Iudeus dimittat quod irreuerenter assumpsit. Sinagogas no-</Unicode>
                </TextEquiv>
            </TextLine>
            <TextLine id="r2l30" custom="readingOrder {index:28;}">
                <Coords points="753,2526 837,2525 921,2523 1006,2523 1090,2522 1175,2520 1259,2520 1343,2519 1428,2519 1512,2517 1597,2517 1681,2517 1765,2517 1850,2517 1934,2517 2019,2517 2103,2517 2187,2519 2272,2519 2356,2520 2441,2522 2441,2476 2356,2474 2272,2473 2187,2473 2103,2471 2019,2471 1934,2471 1850,2471 1765,2471 1681,2471 1597,2471 1512,2471 1428,2473 1343,2473 1259,2474 1175,2474 1090,2476 1006,2477 921,2477 837,2479 753,2480"/>
                <Baseline points="753,2511 837,2510 921,2508 1006,2508 1090,2507 1175,2505 1259,2505 1343,2504 1428,2504 1512,2502 1597,2502 1681,2502 1765,2502 1850,2502 1934,2502 2019,2502 2103,2502 2187,2504 2272,2504 2356,2505 2441,2507"/>
                <TextEquiv>
                    <Unicode>uas nullatenus construant. sed antiquas si corruant: aut ruinam</Unicode>
                </TextEquiv>
            </TextLine>
            <TextLine id="r2l31" custom="readingOrder {index:29;}">
                <Coords points="758,2589 842,2589 927,2589 1011,2589 1096,2589 1181,2588 1265,2588 1350,2586 1435,2586 1519,2586 1604,2585 1689,2585 1773,2585 1858,2585 1943,2585 2027,2585 2112,2585 2197,2586 2281,2586 2366,2588 2451,2591 2451,2545 2366,2542 2281,2540 2197,2540 2112,2539 2027,2539 1943,2539 1858,2539 1773,2539 1689,2539 1604,2539 1519,2540 1435,2540 1350,2540 1265,2542 1181,2542 1096,2543 1011,2543 927,2543 842,2543 758,2543"/>
                <Baseline points="758,2574 842,2574 927,2574 1011,2574 1096,2574 1181,2573 1265,2573 1350,2571 1435,2571 1519,2571 1604,2570 1689,2570 1773,2570 1858,2570 1943,2570 2027,2570 2112,2570 2197,2571 2281,2571 2366,2573 2451,2576"/>
                <TextEquiv>
                    <Unicode>minantur reformare poterint. Non autem eas exaltent aut amplio</Unicode>
                </TextEquiv>
            </TextLine>
            <TextLine id="r2l32" custom="readingOrder {index:30;}">
                <Coords points="759,2660 843,2660 927,2658 1012,2657 1096,2655 1181,2655 1265,2654 1349,2652 1434,2652 1518,2651 1603,2651 1687,2651 1771,2651 1856,2651 1940,2651 2025,2651 2109,2652 2193,2652 2278,2654 2362,2655 2447,2658 2447,2612 2362,2609 2278,2608 2193,2606 2109,2606 2025,2605 1940,2605 1856,2605 1771,2605 1687,2605 1603,2605 1518,2605 1434,2606 1349,2606 1265,2608 1181,2609 1096,2609 1012,2611 927,2612 843,2614 759,2614"/>
                <Baseline points="759,2645 843,2645 927,2643 1012,2642 1096,2640 1181,2640 1265,2639 1349,2637 1434,2637 1518,2636 1603,2636 1687,2636 1771,2636 1856,2636 1940,2636 2025,2636 2109,2637 2193,2637 2278,2639 2362,2640 2447,2643"/>
                <TextEquiv>
                    <Unicode>res et pretiosiores quam ante a fuisse dinoscuntur faciant. Quod</Unicode>
                </TextEquiv>
            </TextLine>
            <TextLine id="r2l33" custom="readingOrder {index:31;}">
                <Coords points="753,2726 837,2724 922,2724 1006,2723 1091,2721 1176,2721 1260,2720 1345,2719 1429,2718 1514,2718 1599,2717 1683,2717 1768,2717 1852,2717 1937,2717 2022,2717 2106,2717 2191,2718 2275,2718 2360,2720 2445,2721 2445,2675 2360,2674 2275,2672 2191,2672 2106,2671 2022,2671 1937,2671 1852,2671 1768,2671 1683,2671 1599,2671 1514,2672 1429,2672 1345,2673 1260,2674 1176,2675 1091,2675 1006,2677 922,2678 837,2678 753,2680"/>
                <Baseline points="753,2711 837,2709 922,2709 1006,2708 1091,2706 1176,2706 1260,2705 1345,2704 1429,2703 1514,2703 1599,2702 1683,2702 1768,2702 1852,2702 1937,2702 2022,2702 2106,2702 2191,2703 2275,2703 2360,2705 2445,2706"/>
                <TextEquiv>
                    <Unicode>vtiqʒ pro magno debent habere ꝙ in veteribus sinagogis et suis</Unicode>
                </TextEquiv>
            </TextLine>
            <TextLine id="r2l34" custom="readingOrder {index:32;}">
                <Coords points="746,2792 830,2790 915,2789 1000,2787 1085,2786 1169,2785 1254,2784 1339,2784 1424,2784 1508,2783 1593,2783 1678,2784 1763,2784 1847,2784 1932,2784 2017,2786 2102,2786 2186,2786 2271,2787 2356,2787 2441,2789 2441,2743 2356,2741 2271,2741 2186,2740 2102,2740 2017,2740 1932,2738 1847,2738 1763,2738 1678,2738 1593,2737 1508,2737 1424,2738 1339,2738 1254,2738 1169,2739 1085,2740 1000,2741 915,2743 830,2744 746,2746"/>
                <Baseline points="746,2777 830,2775 915,2774 1000,2772 1085,2771 1169,2770 1254,2769 1339,2769 1424,2769 1508,2768 1593,2768 1678,2769 1763,2769 1847,2769 1932,2769 2017,2771 2102,2771 2186,2771 2271,2772 2356,2772 2441,2774"/>
                <TextEquiv>
                    <Unicode>obseruantijs misericordialiter tollerantur. Ad baptismum non coga~</Unicode>
                </TextEquiv>
            </TextLine>
            <TextLine id="r2l35" custom="readingOrder {index:33;}">
                <Coords points="755,2862 839,2859 924,2857 1009,2855 1094,2853 1179,2853 1264,2851 1349,2851 1434,2851 1519,2851 1604,2851 1688,2851 1773,2851 1858,2853 1943,2853 2028,2853 2113,2854 2198,2854 2283,2854 2368,2854 2453,2854 2453,2806 2368,2806 2283,2806 2198,2806 2113,2806 2028,2805 1943,2805 1858,2805 1773,2803 1688,2803 1604,2803 1519,2803 1434,2803 1349,2803 1264,2803 1179,2805 1094,2805 1009,2807 924,2809 839,2811 755,2814"/>
                <Baseline points="755,2846 839,2843 924,2841 1009,2839 1094,2837 1179,2837 1264,2835 1349,2835 1434,2835 1519,2835 1604,2835 1688,2835 1773,2835 1858,2837 1943,2837 2028,2837 2113,2838 2198,2838 2283,2838 2368,2838 2453,2838"/>
                <TextEquiv>
                    <Unicode>tur inuiti: nec in personis nec in suis rebus sine iuditio puniantur:</Unicode>
                </TextEquiv>
            </TextLine>
            <TextLine id="r2l36" custom="readingOrder {index:34;}">
                <Coords points="744,2929 829,2927 914,2925 999,2923 1084,2922 1169,2920 1254,2920 1340,2920 1425,2919 1510,2919 1595,2920 1680,2920 1765,2920 1850,2920 1936,2922 2021,2922 2106,2922 2191,2922 2276,2922 2361,2922 2447,2922 2447,2874 2361,2874 2276,2874 2191,2874 2106,2874 2021,2874 1936,2874 1850,2872 1765,2872 1680,2872 1595,2872 1510,2871 1425,2871 1340,2872 1254,2872 1169,2872 1084,2874 999,2875 914,2877 829,2879 744,2881"/>
                <Baseline points="744,2913 829,2911 914,2909 999,2907 1084,2906 1169,2904 1254,2904 1340,2904 1425,2903 1510,2903 1595,2904 1680,2904 1765,2904 1850,2904 1936,2906 2021,2906 2106,2906 2191,2906 2276,2906 2361,2906 2447,2906"/>
                <TextEquiv>
                    <Unicode>nec in suis festiuitatibus perturbentur nec eoꝝ cemiteria per ex hu</Unicode>
                </TextEquiv>
            </TextLine>
            <TextLine id="r2l37" custom="readingOrder {index:35;}">
                <Coords points="747,2998 831,2997 915,2994 1000,2992 1084,2991 1169,2991 1253,2991 1337,2989 1422,2989 1506,2991 1591,2991 1675,2991 1759,2991 1844,2991 1928,2992 2013,2992 2097,2991 2181,2991 2266,2991 2350,2989 2435,2988 2435,2940 2350,2941 2266,2943 2181,2943 2097,2943 2013,2944 1928,2944 1844,2943 1759,2943 1675,2943 1591,2943 1506,2943 1422,2941 1337,2941 1253,2943 1169,2943 1084,2943 1000,2944 915,2946 831,2949 747,2950"/>
                <Baseline points="747,2982 831,2981 915,2978 1000,2976 1084,2975 1169,2975 1253,2975 1337,2973 1422,2973 1506,2975 1591,2975 1675,2975 1759,2975 1844,2975 1928,2976 2013,2976 2097,2975 2181,2975 2266,2975 2350,2973 2435,2972"/>
                <TextEquiv>
                    <Unicode>manationem corporum: vel aliter violentur: Quia vero similitu-</Unicode>
                </TextEquiv>
            </TextLine>
            <TextEquiv>
                <Unicode>guinem domini nostri Iesu christi contingit accipere per triduum&#13;
anteqʒ~~ eos lactent lac effundere eas faciunt in laternam. Alia insu-&#13;
per contra fidem catholicam detestabilia ⁊ mandata committuntur&#13;
propter que fidelibus est verendum ne diuinam indignationem in-&#13;
currant quando perpetrare sustineant que fidei nostre confusionem&#13;
inducant. Inhibemus ergo districte ne decetero nutrices vel obsti&#13;
trices aut seruitrices habeant christianas ne ipsas ex familiaritate&#13;
sua ad sue infidelitatis errorem pertrahant ⁊ inducant. Et ne filie li&#13;
bere filijs famulentur ancille sed tanqʒ~~ serui a domino reprobati i~&#13;
cuius mortem nequiter coniurauerunt se saltem per effectum ope-&#13;
ris illorum seruos ⁊ famulos recognoscant: quos christi mors li-&#13;
beros ⁊ illos perpetue effecit seruos. Si vero hac prohibitione no&#13;
stra: ymmo verius ampliato contemptu nutrices ⁊ obstitrices: et&#13;
aliam familiam non dimiserint christianam. Episcopi locorum sub&#13;
exco~municationis inhibeant pena districte omnibus christianis ne&#13;
cum iudeis commune aliquid audeant exercere. Item in die para-&#13;
sceue die dominice passionis Christi Iudei in publicum non prode&#13;
ant: et per totam ipsam diem sua hostia et fenestras suas clausas te&#13;
neant: ne christianorum conspectui qui tunc sacratissime memori-&#13;
am exhibentes passionis: lamentationis signa pretendunt per su-&#13;
as derisiones et blasphemias in contumeliam prosiliant creatoris.&#13;
Nulli etiam iudeorum perfruantur offitio aliquo publico. Si au-&#13;
tem hoc commiserint excommunicauonis sententia enodentur.&#13;
Ideo vero officiali tamdiu Christianorum communio in conuiui-&#13;
is et alijs denegetur: donec pauperum Christiauorum secundum&#13;
prudentiam dyocesani Episcopi conuertent: quicquid fuit Iudeus&#13;
adeptus exactione offitij publici si suscepti et offitium cum pudo-&#13;
re Iudeus dimittat quod irreuerenter assumpsit. Sinagogas no-&#13;
uas nullatenus construant. sed antiquas si corruant: aut ruinam&#13;
minantur reformare poterint. Non autem eas exaltent aut amplio&#13;
res et pretiosiores quam ante a fuisse dinoscuntur faciant. Quod&#13;
vtiqʒ pro magno debent habere ꝙ in veteribus sinagogis et suis&#13;
obseruantijs misericordialiter tollerantur. Ad baptismum non coga~&#13;
tur inuiti: nec in personis nec in suis rebus sine iuditio puniantur:&#13;
nec in suis festiuitatibus perturbentur nec eoꝝ cemiteria per ex hu&#13;
manationem corporum: vel aliter violentur: Quia vero similitu-</Unicode>
            </TextEquiv>
        </TextRegion>
        <TextRegion orientation="0.0" id="r1" custom="readingOrder {index:2;} structure {type:margin;}">
            <Coords points="440,2019 440,2156 701,2156 701,2019"/>
            <TextLine id="r1l1" custom="readingOrder {index:0;}">
                <Coords points="455,2053 482,2054 509,2054 537,2054 564,2053 591,2053 619,2053 646,2053 673,2054 701,2056 701,2022 673,2020 646,2019 619,2019 591,2019 564,2019 537,2020 509,2020 482,2020 455,2019"/>
                <Baseline points="455,2042 482,2043 509,2043 537,2043 564,2042 591,2042 619,2042 646,2042 673,2043 701,2045"/>
                <TextEquiv>
                    <Unicode>Iudei no~ p~fici</Unicode>
                </TextEquiv>
            </TextLine>
            <TextLine id="r1l2" custom="readingOrder {index:1;}">
                <Coords points="449,2102 476,2101 503,2101 530,2101 557,2102 584,2103 611,2104 638,2104 665,2105 693,2104 693,2070 665,2071 638,2070 611,2070 584,2069 557,2068 530,2067 503,2067 476,2067 449,2068"/>
                <Baseline points="449,2091 476,2090 503,2090 530,2090 557,2091 584,2092 611,2093 638,2093 665,2094 693,2093"/>
                <TextEquiv>
                    <Unicode>ant^ alicui pub</Unicode>
                </TextEquiv>
            </TextLine>
            <TextLine id="r1l3" custom="readingOrder {index:2;}">
                <Coords points="440,2154 466,2153 492,2153 518,2153 544,2153 570,2153 596,2153 622,2154 648,2156 648,2120 622,2118 596,2117 570,2117 544,2117 518,2117 492,2117 466,2117 440,2118"/>
                <Baseline points="440,2142 466,2141 492,2141 518,2141 544,2141 570,2141 596,2141 622,2142 648,2144"/>
                <TextEquiv>
                    <Unicode>lico offitio.</Unicode>
                </TextEquiv>
            </TextLine>
            <TextEquiv>
                <Unicode>Iudei no~ p~fici&#13;
ant^ alicui pub&#13;
lico offitio.</Unicode>
            </TextEquiv>
        </TextRegion>
    </Page>
</PcGts>
