2863 3689
1181 1000 1919 1088 donatio molendini sub certis cl̄is
1416 1055 1674 1129 Radoschicze
460 1016 2595 1329 In nomine domini Amen ad perpetuam rei memoriam omnium rerum acciones
625 1128 2603 1258 et opera successionis temporum laberentur et sub oblivionis nube caderent con
603 1190 2596 1312 sepulta nisi eas literarum et testium frequentia renovaret proinde
596 1239 2651 1416 nos Kazimirus Dei gracia Rex Polonie necnon terrarum Cracovie Sandomirie
602 1294 2568 1430 Siradie Lancicie Cuyavie magnus dux Luthwanie Russyeque dominus et
565 1360 2582 1488 heres et cetera significamus tenore presencium quibus expedit universis
557 1411 2550 1548 presencium noticiam habituris quid intendentes amplitudini et augmento bo
578 1474 2584 1603 norum nostrorum ut eadem bona nostra valeant recipere famosam me
571 1539 2543 1679 lioracionem et augmentum proinde Nicolao molendinatori nostro
546 1592 2614 1730 de Radoszycze attenta sua industria et artificiositate de qua ipse
549 1664 2619 1792 coram celsitudine maiestatis nostre est recomissus et per presentes
516 1724 2588 1855 damus conferimus et largimur in eadem hereditate nostra Ra
549 1789 2597 1919 doszycze prefato Nicolao edificare erigere construere de recenti radi
533 1856 2624 2023 ce molendinum cum sarra wulgariter pyla super novo stangno quod wulgariter
533 1925 2576 2054 Lączno dicitur quod nowum stangnum iacentem inferius antiquum stan
516 1986 2588 2137 gnum eidemque molendinatori et suis successoribus damus confe
551 2060 2579 2199 rimus edificare construere erigere unam thabernam circa viam ge
530 2123 2535 2259 neralem que vadit de Radoszycze versus Zaznow que
546 2190 2535 2326 thaberna debet spectare coadiacere ad predictu molendinum more
537 2264 2572 2387 hereditario nichil penitus in eadem pro nobis nostrisque succe
546 2317 2582 2479 ssoribus reservando insuper damus prefato molendinatori et
554 2382 2574 2513 suis successoribus racione suorum proventuum fructuum locum circa
433 2449 2625 2611 molendinum effudere seu extupare wulgariter Wykopacz ubi propius
535 2521 2553 2675 possit invenire circa molendinum ita longinum et latum sicuti
526 2594 2588 2746 idem molendinator et sui successores possent po semiare mo
535 2649 2587 2794 dium wulgariter spanth cuiuscumque generis vel speciei frumentum vocabitur
480 2695 2594 2837 damus eciam prefato molendinatori et suis successoribus legittimis
503 2784 2573 2923 pro mellificiis locum Rune incipiendo a lato dicto wulgaliter Wyel
485 2850 2627 3005 gylug penes stangnum usque ad viam generalem inter viam
524 2912 2588 3034 et fluvium inferius aggentem usque ad fluvium dictum Czarna da
493 2964 2587 3096 mus circa quartam partem villarum seu hominum in villis
524 3047 2441 3169 degencium qui mollebant in antiquo molendino in prefato
436 3094 2537 3273 nowo molendino mollare incipiet et erigeretur mollare deb
551 3158 2453 3341 ebunt et tenebuntur insuper prefatus molendinator
