2863 3689
344 268 2489 468 et sui sequaces legittimi debebit et tenebitur excidere robora
309 368 2432 518 pro edificacione molendini et sarre et sarracione nos vero
372 423 2403 582 et nostri successores legittimi conduccionem ministrare dare et
366 463 2453 612 ordinare tenebimur prefatus molendinator et sui successo
377 517 2465 693 res legittimi libere erit ab omniibus solucionibus diccionibus univer
378 556 2492 771 sis omnia universaliter singulariter per necessaria pro eadem molen
368 601 2471 886 dino providere et disponere tenebitur nisi nos et nostri successo
355 666 2444 884 res pro edificacione molendini et sarre et sarracione conducere teneb
386 713 2480 880 imur necnon reformacionem aggens prefatus molendinator
358 771 2423 985 et sui successores legittimi libere erit ab omnibus solucionibus
356 827 2492 1041 dationibus universis a tempore quo ipsum molendinum molare incepit
331 878 2503 1118 per decursum unius cessante autem huiusmodi libertate singulis annis
368 933 2504 1175 prefatus molendinator et sui successores solvere est astrictus mediam
368 981 2501 1240 secundam marcam pro censu nobis et nostris successoribs legittimis
383 1035 2481 1241 ab omnibus aut thaberne salucionibus ipsum liberamus absolvem
373 1077 2451 1309 us per decursum trium annorum cessante autem libertate huiusmodi
312 1145 2453 1410 nobis et nostris successoribus legittimis singulis annis de thaberna
388 1191 2441 1421 idem Nicolaus et sui successores solwant mediam secundam marcam
360 1237 2483 1503 de sarra autem molendinum sarrare incipiet nobis et nostris succe
377 1341 2486 1606 ssoribus tenebitur et est astrictus dare duos asseres sarratos
386 1401 2441 1591 wulgariter tharaczo pro se tercium reservando prefatumque molendinum prefa
384 1448 2448 1664 tus molendinator poterit comutare obligare alienare do
371 1499 2435 1736 nare et in usus beneplacitos convertere prout sibi et nostris succe
393 1592 2444 1805 ssoribus legittimis melius aut utilius videbitur expe
381 1626 2438 1842 dire harum testimonio literarum quibus sigillum nostrum presentibus
381 1706 2476 1941 est appensum actum Cracovie die dominico infra octauas Visi
381 1769 2457 1989 tacionis Marie anno Domini millesimo quadragentesimo
384 1826 2466 2085 quinquagesimo primo presentibus ibidem reverendissimo in Christo
332 1914 2382 2153 patre et domino domino Sbigneo miseracione tituli Sancte Prisce Sacro
369 1949 2477 2247 sancte Romane Eclesie presbitero cardinale et episcopo Cracoviensi
282 2044 2444 2291 magnificibusque Johanne de Ciszaw Cracoviensi Johanne Thanczyn
354 2123 2420 2372 pallatino Cracoviensi Przedborio de Canyeczpole Sandomiriensi
381 2197 2357 2384 Laurencio Zaramba de Calmowa Siradiensi et capitaneo
329 2216 2449 2504 Wyeluniensi castellanis et aliis quampluribus fidedignis ad
348 2298 2423 2565 premissa datum per manus magnificorum Johannis de
335 2356 2496 2725 Conyeczpole cancellarii et Petri de Sczekoczyni vicecancellarii Rei
1118 2527 2426 2816 Relacio autem magnifici Petri de
1403 2622 2447 2871 Sczekoczyni Rei Publice vicecancellarii
