2128 2824
591 394 1328 441 ¶ Capitulum quindecimum De his que
645 445 1334 498 circa finem morituris solent evenire
290 478 523 655 N
558 494 1470 552 On mirum mihi videri debet si lector meus mira-
558 548 1485 608 ri videatur de stilo quo tendat in presenti cum de arte
561 602 1476 662 bene moriendi philozophari promiserim. et ea que
392 656 1470 716 dicta sunt ymaginem preferunt bene vivendi quasi digesta ma-
381 709 1479 770 teria titulo et proposito non sit conformis. Sed si bene res consi-
395 763 1484 824 deretur nihil extra propositum est digestum cum ars hec bene mori
387 815 1485 876 endi primum vult habere artem bene vivendi et unum est introdu-
390 869 1478 933 ctivum alterius. neque enim speranda est mors bona quam non pre
395 925 1476 984 cessit vita bona. secunum Gregorium de lege communi. Neque timen-
401 976 1481 1038 dum est de mala morte quam bona vita precessit Nisi ergo
399 1031 1494 1089 una premittatur alia non subsequitur Oportet enim secundum Gregori
398 1084 1482 1143 um ymmo secundum ewangelicam maiestatem vt si quis rex unus cum de-
398 1138 1485 1199 cem milibus iturus ad prelium contra regem qui cum viginti mili-
396 1189 1494 1251 bus venturus est prius sedeat et computet si ex equo possit si-
390 1246 1497 1308 bi occurrere cum simplo ad duplum Alioquin adhuc illo lon
393 1301 1494 1362 ge agente legacionem prius mittat rogans ea que pacis sunt
392 1354 1503 1415 et pacis federa meat ad potentiorem Luce. xiiii. Sic quem
398 1408 1487 1469 libet moriturum oportet facere qui vires suas impares sen
402 1460 1506 1524 tit ad reddendum rationem equissimo et potentissimo regi
404 1517 1494 1575 de omnibus operibus et cogitacionibus atque verbis in die mor
402 1570 1494 1629 tis sue ante tribunal illud scilicet iudicium tremendum prevenire de
404 1624 1503 1682 bet et premittere legacionem penitentie et satisfactionis in his
411 1678 1505 1734 et cum his que dicta sunt superius ut sic placet faciem iudicis
405 1732 1502 1788 et eum favorabilem inveniat Et vix adhuc etiam hac lega
398 1787 1500 1841 tione premissa nisi misericordia et pietate iudicis interve
408 1838 1500 1896 niente vere veniam et pacem potest sperare Dicit enim sermo
413 1891 1509 1952 divinus qui cum multa premisisset de requirenda habitacio
411 1945 1514 2006 ne tabernaculi dei et ascensione in montem dei Innocentius inquit
414 1999 1514 2061 manibus et mundo corde etcetera. et postea versum addidit non de
405 2053 1515 2115 iusticia sibi debenda aut debita. sed ait Hic accipiet be-
411 2107 1520 2166 nedictionem a domino et misericordiam a deo salutari suo Et
1380 2164 1491 2204 C iii
