2128 2824
404 370 1499 428 cat amaritudo ? Augustinus similiter et ceteri plures eandem
414 424 1499 483 pertulerit molestiam. Si quibus tamen ex speciali dono sine dolo
408 478 1499 534 re hinc exire donatum est. ut benedicte matri domini et iohanni
408 530 1503 588 evangeliste hoc extra legem communem fuit Senibus tamen propter di
411 584 1512 642 minutam resistentiam primarum qualitatum et spirituum vitalium diu
405 637 1499 696 turnam consumpcionem minor dolor solet evenire Iuvenibus vero
413 691 1503 749 maior et quanto maior resistentia utriusque tanto maior pu-
417 743 1503 803 gna ut unus vincatur Et licet visibilitet a circumstantibus quandoque
411 797 1515 855 non videtur esse dolor in morituro. non tamen abesse dolor putan-
411 853 1503 912 dus est Discrassantur enim omnes vires active et passive in ho
411 907 1511 963 mine usque ad ultimum punctum quo virtus activa nulla opera
410 961 1508 1016 tionum vitalium ulterius remanet. et et anima ut sic sine operacione
413 1013 1518 1068 esse non potest cum sit substancia activa. et ipsa suas operaciones in
411 1066 1520 1125 corpore existens per primas qualitates et per organa mediante
399 1123 1520 1178 corpore exercet membris et organis destitutis anima ultra opera
408 1175 1521 1230 ri non valet nec vim conservativam ultra in corpore potest ha
405 1226 1515 1284 bere ideo a corpore humano tanquam a cadavere eam absce-
414 1280 1527 1338 dere oportet quia secundum philosophum separatio forme a materia est
414 1334 1512 1392 ipsius corrupcio. Quanta vero penalitate et timore anima urge
417 1390 1524 1446 atur in recessit eius a corpore puto neminem posse explicare
414 1442 1518 1500 etiam expertum cum primo sito instanti cepit esse in corpore et nusquam
423 1495 1526 1553 prius alibi esse habuit nisi in corpore. Concomitatur autem hanc
417 1549 1511 1608 molestiam corporis torpor indevotionis et quanto maior do
420 1601 1518 1659 lor tanto communiter segnior devocio humore dulcedinis
417 1657 1512 1712 spiritualis saltem actuali recedente Et quanto magis talis de-
422 1709 1527 1766 votio esset homini necessaria ad consolacionem tanto magis elon
420 1765 1508 1820 gatur Cuius ratio esse videtur. et anima est intenta totaliter ad
411 1817 1521 1872 corporis resolucionem. ideo minus se elevare ad spiritualium spe-
414 1868 1518 1929 culacionem Etiam ad actualem operacionem requiritur corporis vi-
411 1924 1523 1982 vacitas que in tali est destituta ideo pauci reperiuntur qui
417 1979 1515 2037 in tali infirmitate se ordinate regere sciunt secundum rectam rationem
423 2032 1517 2091 eciam in viris scientia et moribus preditis obruente egritudine
414 2087 1529 2145 totalem impetum racionis maxime in subitis et excessivis
1365 2138 1497 2181 C iiii
