2128 2824
613 367 1732 480 qui hac arte utuntur et tempus eis prescinditur vite humane et
623 429 1712 536 abbreviatur per quam rigorosas semitam vivendi quam proposi
623 483 1718 588 isti Corpus enim attenuatur vires et spiritus vitales debilitantur
623 534 1715 646 naturalia suffocantur calor naturalis et humani dum radicale
626 593 1721 699 extinguuntur. sicque tempus merendi et penitendi secundum cursum na-
624 643 1730 756 ture predispositum et multa bona que productiori tempore fieri
632 702 1738 809 possent amputantur et ideo hoc esset deum temptare et sibi in ipsi
623 756 1735 859 mortem intentare. Ad hanc obiectionem posset sapientis re-
630 803 1738 914 sponsum adoptari occasionem inquit querit qui recedere vult
641 855 1741 968 ab amico Sed competencius respondet divina vox O modice fidei
629 916 1730 1024 quare dubitasti: In domino inquit dauit qui super senes intel-
644 964 1738 1073 lexit sperans non infirmabor Quid unquam sperans in illum
641 1018 1741 1123 derelictus est: Si inquit potes credere omnia possibilia sunt
632 1074 1741 1179 credenti Si rex mortalis fidelem militem sibi servire volentem
643 1124 1745 1231 non derelinquit putandum ne est que rex immortalis ad se confu
635 1179 1748 1292 gientem sub alis sue pietatis refoveri desiderantem derelinquet
646 1233 1748 1335 Et hec magna diffidencia ad deum ex pusillanimitate mentis
635 1284 1751 1394 aut ex fictione simulata procedit Pigrorum enim mos est imbel
654 1344 1759 1446 liumque talia formidare. ibique timere ubi non est timor neque
649 1394 1751 1504 timendum Tollite inquit christus iugum meum super vos quod est sua-
643 1446 1760 1556 ve et onus meum quod est leve Vnite ad me omnes qui laboratis
646 1499 1768 1604 et onerati estis et ego reficiam vos No est timendum defice
649 1557 1763 1664 re cum iste tantus pollicetur reficere qui secundum Pauli sententiam portat
649 1609 1771 1721 omnia verbo virtutis sue et potens est plus facere atque dare quam
657 1669 1763 1772 nos poscimus atque possumus intelligere eo dicente Omnia pos-
665 1722 1768 1826 sum in eo qui comfortat. Sed piger dicit leo est in via ac-
655 1772 1771 1879 tio talis est in periculo cui queso magis fides accomodan
671 1821 1778 1929 da est an nostre immbecillitati an viritati auxilium pollicenti ?
655 1874 1763 1983 An forte preterita secula istam artem bene moriendi ignoraverunt ?
671 1932 1781 2042 Relegantur instituta patrum et vita eorum an in eis per hanc ar
659 1986 1779 2094 tem et eius semitam eius incedentibus abbreviata fuerint vite
665 2037 1771 2146 tempora ? Hieronimus sanctissimus quam sanctissimam vitam in heremo du
657 2088 1781 2224 xerit atque bethlehem testatur eiue vita et iohannes andree vitam
