2128 2824
351 400 1440 461 pienda certificatus a sancto Iheronimo per duas horas ante
366 454 1445 513 egressum anime a corꝑe terribiles et cunctis mortalibus formi
366 505 1436 567 dabiles actus ceperit habere sic que circumstantes monachi velut
363 556 1427 621 amentes ad terram ceciderunt Nam transversis oculis mani-
363 610 1430 674 bus lamentabilitet iunctis terribili voce quasi seviens cepit cla-
359 664 1445 728 mare Non faciam non faciam Mentiris mentiris post hoc ad
363 716 1425 780 terram rediens faciem abscondebat quantum poterat clamabat
372 770 1449 833 Adiuvate fratres ne pereant Quod fratres videntes lacrima
372 823 1446 887 bant et flebant et eum trementes interrogare ceperunt dicentes
369 877 1454 939 Quid habes pater ? ad quos ille ait Non videtis demonum
363 928 1440 993 agmina que me debellare cupiunt At illi quid te facturum vo-
372 980 1446 1046 lebant quoniam dicebas. non faciam ? Respondit Conabantur namque ut
369 1036 1445 1098 divni nominis blasphemus ivueniar Et illi Quare faciem ab
380 1090 1442 1151 scondebas in terram ? at ille ne eorum aspectum cernerem qui tam tur
372 1144 1454 1205 pis et horribilis est que omnes pene quem in mundo sunt respectum hu
372 1195 1445 1257 ius nihil sunt Inter hec verba actus priores reiterans usque
363 1250 1452 1310 ad extremam horam sic devenit Et de tribus mortuis per meri-
371 1303 1448 1362 ta beati Iheronimi suscitatis adhuc terribiliora leguntur
371 1355 1461 1416 prout eodem libello continetur que tamen causa brevitatis hic di
377 1409 1455 1467 mitto Ecce facies horrenda demonum suggestio eorum ad
366 1462 1451 1523 infirmitatem et blasphemiam et de temptacionibus eorum hec
378 1516 1445 1575 et his similia ac maiora legimus de quodam Stephano
383 1568 1455 1628 nomine solitario sancto viro cui apparentes demones
386 1624 1454 1679 etiam confessa peccata obiciebant et mendosa et falsa at
383 1675 1467 1731 qque occultissima et munutissima. Multa enim talia narrat
381 1729 1454 1787 beatus Gregorius in omeliis suis et precipue in omelia
390 1781 1467 1839 de decem virginibus de quodam nomine crisarius qui
383 1834 1464 1892 eos visibiliter cernebat ante et retro ad caput et ad pedes
387 1889 1449 1946 lectuli sui in quo decubuit Volebaturque terribiliter
390 1939 1467 2001 hinc inde aspectus eorum ferre non valens usque ad mi-
405 1994 1455 2054 sere anime egressum Super hoc tam terrifico pericu-
390 2045 1461 2106 lo videndum est de remediis si qua ipsi morituro pos-
390 2105 1409 2160 sint haberi Et quidem in potestate hominis non
