2128 2824
425 411 1529 454 quales sunt habitus tales sunt et actus. Est ergo inter
423 465 1533 508 alia impedimenta non minmum in offenso pede vix aut num-
429 521 1518 561 quam sinens incedere sine macula altus status in quacumque
425 575 1520 615 preeminentia aut presidentie pastoralis aut dignitatis con-
429 628 1530 669 sularis aut prefulgentie principalis seu eciam excellentie ma
428 685 1521 723 gistralis. et universaliter cuiuscumque celsitudins super cete-
423 737 1530 777 ros. Hec enim iter rectum incedere cupientem sepius obliquare faci
420 791 1533 830 unt et nunquam vel raro innocentem vitam secum paciuntur Dis-
410 842 1521 885 ponere ergo se volens ad bene moriendum meo consilio quan
422 898 1524 939 tumcunque salva obedientia potest ab omni mundi altitudine
416 952 1530 993 et a secularis et ecclesiastice dignitatis culmine se studeat
410 1004 1524 1047 removere et preservare Et si cogatur ad quamcumque apicem
426 1060 1518 1101 quantum in ipso est pro viribus reluctetur. aut si omnino ascende
419 1113 1524 1155 re urgeatur cum pacientia in ea resideat donec quanto citius po
414 1168 1521 1209 texit iugum a collo abiciat et optata libertate fruatur Hor-
411 1222 1527 1262 tantur ad hoc innumerabilia exempla excellentissimorum vi-
417 1275 1533 1318 rorum qui tanquam luminaria in mundo. scientia doctrina et ho
422 1330 1526 1371 neste vite prediti omni tamen sollicitudine et omni conatu
419 1384 1517 1424 altitudinis apicem declinare studueret ut papa Gregorius
413 1436 1511 1478 Augustinus et Ambrosius antistites sancti. que omnes querulis
414 1489 1524 1533 vocibus cogebantur ad ascensum Cathedrarum et ingentibus plancti=
413 1545 1527 1588 bus in eis residebant Quod quam verum sit qui desiderat scire facile in
419 1599 1526 1641 eorum vita poterit invenire Est enim secundum Bernhardum non min
417 1653 1524 1695 ma ars discere nesciri Et non solum dico hec retinacula fore
413 1705 1527 1750 presidencium vitanda cuilibet artem bene moriendi cupienti sed et
423 1761 1524 1804 quamlibet mentis sollicitudinem et inquietudinem circa quecumque
422 1815 1527 1860 extra ordinaria negocia. preterquam spiritualia mentem humanam
410 1869 1527 1914 retrahencia cristo admonente. Videte inquit ne
422 1923 1527 1968 graventur corda vestra in crapula et ebrietate et curis hu
416 1977 1527 2020 ius mundi. Mentior ego si non iacobus apostolus in ca
425 2032 1512 2074 nonica sua idipsum suaserit dicens Nolite plures ma-
417 2086 1524 2128 gistri fieri fratres mei scientes quoniam maius iudi-
422 2142 1517 2184 cium sumitis. eiusdem tercio capitulo. Non ignoravit enim
1359 2194 1491 2236 A iiij
