2128 2824
720 357 1790 454 tiplicite afflixisti ut claret in tuis exemplis et epistolis in fa
720 429 1784 511 me et siti nuditate frigore in ieiuniis multis et vigiliis in
726 483 1790 563 castitate in plagis in carceribus in mortibus frequenter Ca-
723 536 1784 619 stigo inquis corpus meum et in servitutem redigo et libenter
717 589 1784 671 gloriatus fuisti in infirmitatibus et tribulacionibus. Quoniam er-
720 649 1793 726 go verum est quod hoc dixisti corporalis exercitacio ad modicum
720 698 1793 778 utilis est cum tu gloriose in ea triumphasti ? Bonum inquis cer
723 751 1790 833 tamen certavi cursum consumavi fidem servavi Responde
714 801 1796 878 bo ego pro te. Considero enim cui scripsisti hanc doctrinam
723 853 1798 942 utique tuo coepiscopo commilitoni et dilecto filio tuo thy-
714 916 1796 989 motheo cuius sanitas corporis et vita et doctrina multum ne
717 961 1790 1041 cessaria fuit ecclesie Neminem enim tam unanimem sicut ipsum
720 1015 1790 1093 te teste habuisti pro tunc ipseque graves corporis et stomachi mo
721 1069 1792 1146 lestias paciebatur. que communi labore retrahebant et
725 1118 1807 1208 sauciebant ne officium sibi commissum exequi posset ut tuipse fa
714 1175 1801 1251 teris dicens ei. Noli adhuc aquam bibere sed vino modico
vtere propter stomachum et frequentes tuas infirmitates. j.
723 1281 1807 1355 ad Thimo. v. Et beatus Bernhardus idem sensit Da mi
729 1333 1796 1413 hi inquit talem thymotheum et ego eum cibabo auro et potabo
725 1386 1807 1465 balsamo Oportet igitur eum a sua abstinentia ultra vires re
720 1440 1804 1515 trahere propter commune bonum fidelium. Videbat etiam eum ab
725 1495 1807 1579 ipsa impugnacione carnali esse mundatum propter quam hec cor
731 1545 1801 1636 poris castigacio assumi solet. Infirmis enim mentibus ut nos
732 1600 1804 1688 fatemur non ad modicum utilis est sed ad multum sicut princi
728 1656 1807 1738 pia scientiarum parva sunt quantitate sed magna virtute cum in
734 1706 1804 1794 ipsorum soliditate omnes conclusiones contineantur Sic eciam hec asperi
725 1760 1807 1843 tas vite conservat omnes virtutes et mentem humanam resolui non
sinit a sua soliditate Nec ipsam pietatem excludit sed inclu
732 1871 1801 1943 dit conservat et in finem bonum perducit si ab homine bona in
740 1917 1801 2000 tencione assumatur. Nam omnem puritatem introducit et vetusta
734 1973 1807 2053 tem tanquam rubiginem a mente purgat Ponit enim fundamen
732 2028 1801 2103 ta vere innocentie et carnis putrefactionem tollit. sicut sale
739 2080 1818 2182 sparsa caro putrescere nescit Aperit viam ad introductionem
