2128 2824
348 360 1439 465 pienda certificatus a sancto Iheronimo per duas horas ante
364 428 1443 516 egressum anime a corꝑe terribiles et cunctis mortalibus formi
364 481 1435 571 dabiles actus ceperit habere sic que circumstantes monachi velut
360 533 1426 619 amentes ad terram ceciderunt Nam transversis oculis mani-
360 585 1429 676 bus lamentabilitet iunctis terribili voce quasi seviens cepit cla-
356 635 1443 724 mare Non faciam non faciam Mentiris mentiris post hoc ad
360 691 1424 778 terram rediens faciem abscondebat quantum poterat clamabat
370 748 1448 833 Adiuvate fratres ne pereant Quod fratres videntes lacrima
370 801 1445 886 bant et flebant et eum trementes interrogare ceperunt dicentes
368 851 1453 944 Quid habes pater ? ad quos ille ait Non videtis demonum
360 908 1439 1000 agmina que me debellare cupiunt At illi quid te facturum vo-
370 958 1445 1048 lebant quoniam dicebas. non faciam ? Respondit Conabantur namque ut
367 1010 1443 1098 divni nominis blasphemus ivueniar Et illi Quare faciem ab
378 1066 1440 1156 scondebas in terram ? at ille ne eorum aspectum cernerem qui tam tur
370 1118 1453 1212 pis et horribilis est que omnes pene quem in mundo sunt respectum hu
370 1178 1443 1264 ius nihil sunt Inter hec verba actus priores reiterans usque
360 1230 1451 1313 ad extremam horam sic devenit Et de tribus mortuis per meri-
368 1278 1446 1366 ta beati Iheronimi suscitatis adhuc terribiliora leguntur
368 1333 1459 1418 prout eodem libello continetur que tamen causa brevitatis hic di
375 1385 1454 1470 mitto Ecce facies horrenda demonum suggestio eorum ad
364 1440 1450 1523 infirmitatem et blasphemiam et de temptacionibus eorum hec
375 1492 1443 1575 et his similia ac maiora legimus de quodam Stephano
381 1548 1454 1630 nomine solitario sancto viro cui apparentes demones
382 1600 1453 1683 etiam confessa peccata obiciebant et mendosa et falsa at
381 1659 1465 1736 qque occultissima et munutissima. Multa enim talia narrat
378 1705 1453 1794 beatus Gregorius in omeliis suis et precipue in omelia
387 1760 1465 1843 de decem virginibus de quodam nomine crisarius qui
381 1813 1462 1892 eos visibiliter cernebat ante et retro ad caput et ad pedes
384 1873 1448 1953 lectuli sui in quo decubuit Volebaturque terribiliter
387 1918 1465 2008 hinc inde aspectus eorum ferre non valens usque ad mi-
403 1970 1454 2059 sere anime egressum Super hoc tam terrifico pericu-
387 2023 1459 2116 lo videndum est de remediis si qua ipsi morituro pos-
387 2081 1407 2198 sint haberi Et quidem in potestate hominis non
