2863 3689
1109 167 2211 310 Inscripcio Czeschnyow Johanni Dolinsky
584 335 2507 456 Kazimirus Dei gratia Rex Polonie magnus dux Lithwanie et heres
615 401 2495 512 Russie significamus tenore presencium universis quibus expedit presencium no
575 466 2528 582 ticiam habituris quomodo consideratis miltiplicibus serviciis quibus maye
585 526 2552 656 stati nostre nobilis Johannes Dolinſky nobis grate dilectus hactenus com
623 591 2527 709 placuit et adhuc aucto fidelitatis studio non cessat complacere horum
555 652 2593 773 intuitu et aliorum plurimorum quibus apud nostram regiam mayeſtatem extitit
586 716 2568 851 plurimum commendatus eidem villam nostram Czrzeschnyow in terra et districtu
612 775 2522 927 Sanocensi sitam cum omnibus et singulis suis utilitatibus prout dicta
632 839 2551 960 villa in suis metis est distincta et limitata in ducentis florenis Hungaricis
575 917 2490 1036 iusti et veri ponderis quos serenissima princeps domina Zofia
608 972 2493 1135 Dei gratia Regina Polonie genitrix nostra carissima ab re pro nostris
624 1036 2488 1155 necessariis expediendis recepit in paratis sibi et suis successoribus
632 1105 2521 1215 legittimis damus et inscribimus per ipsum Johannem et suos succssores
636 1169 2484 1277 tenendum habendum regendum gubernandum quiete et pacifice possidensum tam diu
632 1230 2524 1348 quousque per nos aut nostros succcessores dicti ducenti floreni ipsi Johanni
635 1287 2526 1447 aut ipsius posteritati legittime fuerunt persoluti plenarie et extoto quibus
617 1365 2508 1489 exsolutis dicte ville possesio ad nos et nostros successores devolvetur
635 1432 2513 1572 pleno jure juribus nihilominus notris et stacionibus nobis de eisdem dari
621 1500 2500 1638 solitis et consuetis semper salvis harum quibus sigillum nostrum
638 1559 2504 1706 presentibus est appensum testimonio litterarum datum Poznanie feria quinta ipso die
629 1623 1832 1787 Corporis Christi anno Domini millesimo quadringentesimo quinquagesimo tertio
1752 1748 2514 1848 Relacio magnifici Johannis de Co
1775 1802 2475 1951 nyeczpole regni Polonie cancellarii etc.
