2128 2824
401 332 1498 434 cat amaritudo ? Augustinus similiter et ceteri plures eandem
411 398 1498 487 pertulerit molestiam. Si quibus tamen ex speciali dono sine dolo
404 454 1498 533 re hinc exire donatum est. ut benedicte matri domini et iohanni
404 509 1501 594 evangeliste hoc extra legem communem fuit Senibus tamen propter di
408 558 1511 644 minutam resistentiam primarum qualitatum et spirituum vitalium diu
403 613 1498 699 turnam consumpcionem minor dolor solet evenire Iuvenibus vero
411 669 1501 757 maior et quanto maior resistentia utriusque tanto maior pu-
414 720 1501 809 gna ut unus vincatur Et licet visibilitet a circumstantibus quandoque
409 775 1514 856 non videtur esse dolor in morituro. non tamen abesse dolor putan-
408 826 1501 909 dus est Discrassantur enim omnes vires active et passive in ho
408 883 1509 969 mine usque ad ultimum punctum quo virtus activa nulla opera
408 936 1506 1016 tionum vitalium ulterius remanet. et et anima ut sic sine operacione
411 985 1517 1076 esse non potest cum sit substancia activa. et ipsa suas operaciones in
408 1041 1519 1131 corpore existens per primas qualitates et per organa mediante
397 1096 1519 1181 corpore exercet membris et organis destitutis anima ultra opera
404 1156 1520 1233 ri non valet nec vim conservativam ultra in corpore potest ha
404 1203 1514 1286 bere ideo a corpore humano tanquam a cadavere eam absce-
411 1256 1526 1342 dere oportet quia secundum philosophum separatio forme a materia est
411 1311 1511 1397 ipsius corrupcio. Quanta vero penalitate et timore anima urge
414 1363 1523 1449 atur in recessit eius a corpore puto neminem posse explicare
411 1419 1517 1509 etiam expertum cum primo sito instanti cepit esse in corpore et nusquam
420 1468 1525 1559 prius alibi esse habuit nisi in corpore. Concomitatur autem hanc
414 1523 1509 1606 molestiam corporis torpor indevotionis et quanto maior do
417 1579 1517 1659 lor tanto communiter segnior devocio humore dulcedinis
414 1633 1511 1713 spiritualis saltem actuali recedente Et quanto magis talis de-
419 1683 1526 1772 votio esset homini necessaria ad consolacionem tanto magis elon
417 1739 1506 1827 gatur Cuius ratio esse videtur. et anima est intenta totaliter ad
408 1794 1520 1879 corporis resolucionem. ideo minus se elevare ad spiritualium spe-
411 1843 1517 1937 culacionem Etiam ad actualem operacionem requiritur corporis vi-
408 1899 1522 1986 vacitas que in tali est destituta ideo pauci reperiuntur qui
414 1954 1514 2041 in tali infirmitate se ordinate regere sciunt secundum rectam rationem
420 2006 1515 2102 eciam in viris scientia et moribus preditis obruente egritudine
411 2089 467 2174 totalem impetum racionis maxime in subitis et excessivis
1360 2114 1495 2201 C iiii
