2128 2824
665 354 1746 445 illorum est qui tempore sanitatis radices cogitacionum
670 422 1741 492 in terra fixerunt in tempore vivendo. nec ad spiritualia cor le
673 476 1738 550 vaverit ideo ad solita solatia recurrunt vitam presentem aman
655 533 1743 607 tes quasi non esset vita alia speranda. Unde augustinus legi
665 580 1738 657 tur recommendasse multum illos. quibus desiderium moriendi in-
660 638 1751 710 erat ut Ambrosium et martinum qui nec mori timuerunt nec re
666 684 1738 762 cusavernt vivere. et hoc totum est signum mortis impreparate.
870 740 1534 817 ¶ Capitulum decimumseptimum De
976 792 1531 867 conscientie proprie accusatione.
597 795 748 1001 S
816 842 1743 922 Ecundum quod morituro pavendum est erit trepida
812 895 1732 978 accusatio proprie conscientie Instante enim mortis ar
627 925 1738 1032 ticulo cum presentia aufferenda sunt in quibus fiducia
638 1002 1743 1073 habebatur. sit recursus ad alia remedia et auffertur ho-
654 1057 1741 1129 mini memoria suorum preteritorum actuum aut accusantium
660 1115 1729 1184 aut defendencium. Querit enim angustiatus pavore mortis
651 1162 1730 1236 consolationes et tunc terribilius se offerunt ea que homo
641 1215 1732 1292 gessit magis mala quam bona. Sicut enim iocunde menti se of
660 1269 1735 1346 ferre solent gaudiosa. ita merore tabescenti offeruntur tri-
652 1321 1735 1396 stia et horrenda tam ex qualificatione mentis turibide quam ex in
655 1380 1726 1451 stinctu spiritus maligni qui tunc terribilia ingerere solet
655 1429 1732 1504 ut ad fossam despracionis trahatur Contra illam temptaci-
646 1484 1719 1556 onem primum remedium est illud egrotanti ut postquam dili-
649 1537 1723 1609 gentia qua potuit de conscientia et actibus suis malis dis-
646 1587 1726 1663 cussionem fecerit et confessionem iam amplius a talium exa
641 1642 1719 1717 minacione quiescat ex causa iam dicta ne in foveam despe-
646 1695 1729 1771 rationis ruat Et ergo ut pretactum fuit bonum et utile est
638 1747 1719 1826 que homo tempore sanitatis omnem vitam suam exploret et examinet
643 1804 1719 1874 cum talis timor eo tempore non habeatur. et omnem culpam
646 1854 1716 1926 suam particulatim in scriptis redigat et sine nova exa-
641 1907 1716 1984 minacione atque grandi facile habebit suam confessionem
629 1962 1708 2037 explere Claudatur ergo oculus considerationis a scruti-
635 2019 1710 2088 nio suorum peccatorum que nullo modo sic examinare valet
618 2069 1712 2171 tempore egritudinis sicut tempore sanitatis propter liber-
