2128 2824
670 359 1735 470 martinum gloriosa mundi luminaria et ceteros tales lo-
666 436 1743 522 quor cognovimus. Qui et si non curas secularium cor
665 494 1751 578 pore relinquerunt tamen mente tota deo adheserunt liga
666 547 1751 625 ti in cathedris pontificalibus corpore. sed non corde to
673 597 1754 684 ta enim sollicitudine artem bene moriendi et in illis didice
670 654 1741 737 runt ymmo et docuerunt. Quid enim extreme in his ho
677 709 1748 787 minibus et principaliter queritur nisi innocentia vite
666 764 1760 839 digni fructus penitentie et cum deo sollicite ambulare
673 822 1757 892 unde prioribus non contenti et ipsis supererogaverunt
670 870 1746 946 Et si quis forte modernis temporibus illis se equare vel
670 924 1754 1008 let etiam per illorum viam se putans artem bene mo-
665 977 1760 1063 riendi velle addificere videat caute ne seducatur cum ve
666 1037 1754 1110 rum dicam paucos seu nullos in vita hac vidisse me re
666 1084 1757 1164 colo quales illos lego fuisse. Mihi igitur et mei simili-
673 1135 1751 1220 bus iudico expedire ad salutem tanquam aviculas implu-
676 1190 1751 1273 mibus in nidulo quescendum et plumescendum et in um
673 1250 1763 1324 bra delitescendum quoniam fateor me alas non habere
688 1302 1756 1383 sub quibus pullos recolligere possem vix enim meam
673 1353 1759 1440 nuditatem recondere habeo et pallium minutum et bre
673 1408 1751 1492 ve utrunque cooperire non potest ne de nidulo implu-
684 1470 1749 1540 mis evolando bestiis et avibus ad devorandum me tra
676 1515 1760 1600 dam. Nam secundum Augustinum. xix. de civitate
685 1565 1765 1655 dei. Ocium sanctum querit caritas. veritatis negoci
673 1623 1760 1705 um iustum suscipit caritatis necessitas quam sarcinam
690 1677 1765 1758 si nullus imponit percipiende atque intuende vacandum
684 1733 1757 1816 est veritati. Quantum igitur est et esse debet de princi-
677 1785 1760 1868 pali intentione hominis tunc ex se semper intendere de-
677 1835 1763 1921 bet ad dei et sui vacacionem nisi necessitas obedientie
684 1893 1765 1973 imponat sarcinam cure pastorialis et tunc illam impositam
676 1943 1757 2025 continuare debet Ideo sub ista cautela infirmantium stilus
677 1997 1771 2080 hucusque processit Qui filius ut verum fatear. circa propositum in
685 2052 1770 2221 longius processit quam estimabam. Quippe et magnitudo rei
