<?xml version='1.0' encoding='UTF-8'?>
<PcGts xmlns:xsi="http://www.w3.org/2001/XMLSchema-instance" xmlns="http://schema.primaresearch.org/PAGE/gts/pagecontent/2019-07-15" xsi:schemaLocation="http://schema.primaresearch.org/PAGE/gts/pagecontent/2019-07-15 http://schema.primaresearch.org/PAGE/gts/pagecontent/2019-07-15/pagecontent.xsd"><Metadata><Creator>prov=University of Rostock/Institute of Mathematics/CITlab|PLANET AI GmbH/Tobias Gruening/tobias.gruening@planet-ai.de:name=/net_tf/LA73_249_0mod360.pb:de.uros.citlab.segmentation.CITlab_LA_ML:v=2.6.7
Transkribus</Creator><Created>2022-01-10T17:48:59</Created><LastChange>2022-12-16T14:43:21</LastChange><Comments/></Metadata><Page imageFilename="888816_0054_34071690.jpg" imageHeight="2824" imageWidth="2128"><ReadingOrder><OrderedGroup caption="Regions reading order" id="ro_1671198201778"><RegionRefIndexed index="0" regionRef="r1"/></OrderedGroup></ReadingOrder><TextRegion custom="readingOrder {index:0;} structure {type:paragraph;}" id="r1" orientation="0.0" type="paragraph"><Coords points="651,428 651,2219 1763,2219 1763,428"/><TextLine custom="readingOrder {index:0;}" id="r1l1"><Coords points="655,478 655,500 1738,464 1738,451 1732,376 1665,378 1663,378 1635,392 1541,381 1539,381 1370,385 1368,385 1316,412 1272,409 1271,409 1269,409 1268,409 1257,418 1189,418 1172,409 1170,409 1169,409 1167,409 1166,409 1164,409 1147,420 1076,412 1074,412 1023,423 998,411 996,411 994,411 993,411 991,411 972,425 897,426 822,411 820,411 731,429 673,417 671,417 670,417 654,423 655,478"/><Baseline points="656,480 710,479 764,476 818,474 872,473 927,471 981,470 1035,468 1089,468 1143,467 1198,465 1252,465 1306,464 1360,462 1414,462 1469,461 1523,459 1577,458 1631,456 1685,455 1740,453"/><TextEquiv><Unicode>sciens que diligentibus deum omnia cooperantur in bo-</Unicode></TextEquiv></TextLine><TextLine custom="readingOrder {index:1;}" id="r1l2"><Coords points="655,536 655,553 1735,520 1735,506 1732,465 1617,459 1616,459 1522,470 1453,462 1451,462 1450,462 1410,473 1390,464 1388,464 1387,464 1318,478 1246,478 1227,469 1225,469 1224,469 1222,469 1220,469 1220,470 1209,480 1159,470 1158,470 1100,483 1001,475 999,475 930,476 929,476 903,487 880,480 878,480 877,480 875,480 842,489 820,480 819,480 817,480 816,480 814,480 803,487 761,481 759,481 757,481 715,492 654,492 655,536"/><Baseline points="657,537 711,534 765,531 819,528 873,527 927,525 981,524 1035,522 1089,521 1143,521 1197,519 1251,519 1305,519 1359,518 1413,517 1467,516 1521,515 1575,513 1629,512 1683,509 1737,507"/><TextEquiv><Unicode>num Dicens filiali voce illud augustini Hic vere hic se-</Unicode></TextEquiv></TextLine><TextLine custom="readingOrder {index:2;}" id="r1l3"><Coords points="655,589 657,608 673,600 717,607 718,607 794,597 827,604 828,604 908,594 1074,597 1076,597 1167,588 1214,594 1216,594 1217,594 1238,586 1319,591 1321,591 1359,583 1462,588 1464,588 1735,575 1735,563 1732,522 1650,516 1649,516 1647,516 1632,524 1603,516 1602,516 1600,516 1533,527 1412,520 1410,520 1346,531 1042,531 1040,531 1038,531 1037,531 1026,539 971,531 969,531 894,542 845,534 844,534 654,547 655,589"/><Baseline points="657,590 711,588 765,585 819,584 873,581 927,580 981,578 1035,578 1089,576 1143,575 1197,575 1251,573 1305,573 1359,572 1413,571 1467,570 1521,569 1575,568 1629,567 1683,566 1737,564"/><TextEquiv><Unicode>ca ut postmodum ineternum parcas. Adhortante etiam</Unicode></TextEquiv></TextLine><TextLine custom="readingOrder {index:3;}" id="r1l4"><Coords points="652,641 652,660 1730,629 1732,616 1727,571 1522,580 1470,572 1468,572 1467,572 1465,572 1451,583 1381,583 1333,575 1332,575 1330,575 1329,575 1316,585 1253,577 1252,577 1181,588 982,583 980,583 979,583 977,583 965,593 786,588 784,588 783,588 781,588 781,589 779,589 773,599 651,599 652,641"/><Baseline points="654,642 708,641 762,638 816,637 870,636 924,635 978,633 1032,632 1086,630 1140,630 1194,629 1248,627 1302,627 1356,626 1410,624 1464,624 1518,623 1572,621 1626,621 1680,620 1734,618"/><TextEquiv><Unicode>nos ad hoc beato Iheronimo Eo inquit tempore quo defi-</Unicode></TextEquiv></TextLine><TextLine custom="readingOrder {index:4;}" id="r1l5"><Coords points="649,696 649,707 1727,684 1727,671 1723,627 1563,633 1512,625 1511,625 1509,625 1489,635 1382,629 1381,629 1379,629 1377,629 1363,638 1343,632 1341,632 1340,632 1175,643 1114,635 1112,635 969,647 919,640 918,640 833,651 775,643 773,643 648,654 649,696"/><Baseline points="651,698 704,696 758,693 812,692 866,690 920,689 974,687 1027,686 1081,686 1135,684 1189,684 1243,683 1297,683 1351,681 1404,681 1458,680 1512,678 1566,677 1620,675 1674,674 1728,672"/><TextEquiv><Unicode>cit anima nostra et corporum compago divellitur non ad</Unicode></TextEquiv></TextLine><TextLine custom="readingOrder {index:5;}" id="r1l6"><Coords points="1553,677 1552,677 1550,677 1548,677 1547,677 1547,679 1537,688 1514,679 1512,679 1511,679 1509,679 1475,688 1439,680 1437,680 1435,680 1409,691 1393,685 1391,685 1390,685 1294,695 1242,685 1241,685 1239,685 1238,685 1227,696 1167,698 1114,690 1112,690 1111,690 1109,690 1109,691 1100,699 1045,690 1043,690 1042,690 1015,701 936,693 935,693 886,704 874,696 872,696 870,696 869,696 665,701 666,751 666,767 1296,745 1340,751 1341,751 1384,743 1734,743 1735,724 1730,677 1570,687 1555,677 1553,677"/><Baseline points="668,752 721,750 774,747 828,746 881,744 935,743 988,741 1042,740 1095,739 1149,738 1202,737 1255,737 1309,735 1362,734 1416,734 1469,732 1523,731 1576,731 1630,729 1683,728 1737,726"/><TextEquiv><Unicode>aliud debemus cogitacionem ducere nisi ad deum qui</Unicode></TextEquiv></TextLine><TextLine custom="readingOrder {index:6;}" id="r1l7"><Coords points="662,803 662,817 1732,795 1732,779 1727,732 940,756 660,753 662,803"/><Baseline points="663,804 716,803 770,801 823,800 877,798 930,797 984,795 1037,794 1091,792 1144,792 1198,791 1251,790 1305,789 1358,788 1412,788 1465,786 1519,785 1572,784 1626,783 1679,782 1733,780"/><TextEquiv><Unicode>et in corpore ext extra corpus noster est dominus et deus.</Unicode></TextEquiv></TextLine><TextLine custom="readingOrder {index:7;}" id="r1l8"><Coords points="657,856 657,878 707,878 707,877 709,877 710,877 728,866 812,872 814,872 885,862 903,872 905,872 907,872 974,861 990,870 991,870 993,870 994,870 1155,856 1230,864 1231,864 1233,864 1268,855 1310,862 1311,862 1313,862 1315,862 1327,855 1377,861 1379,861 1381,861 1412,851 1534,858 1536,858 1537,858 1569,847 1597,855 1599,855 1600,855 1738,845 1738,831 1734,784 655,809 657,856"/><Baseline points="659,858 713,857 767,855 821,854 875,852 929,851 983,849 1037,849 1091,847 1145,846 1199,845 1253,843 1307,842 1361,842 1415,840 1469,839 1523,837 1577,836 1631,836 1685,834 1739,833"/><TextEquiv><Unicode>¶ Quarto hoc egit christus in sua passione que omnibus tor</Unicode></TextEquiv></TextLine><TextLine custom="readingOrder {index:8;}" id="r1l9"><Coords points="655,911 655,925 1741,902 1741,884 1738,844 1559,839 1558,839 1556,839 1534,848 1247,847 1246,847 1173,856 1123,850 1122,850 1120,850 1096,859 1048,851 1046,851 1045,851 1026,861 972,853 971,853 919,862 844,856 842,856 841,856 814,866 800,859 798,859 797,859 795,859 778,869 654,869 655,911"/><Baseline points="657,912 711,911 765,909 819,908 874,906 928,905 982,903 1037,902 1091,902 1145,900 1200,899 1254,897 1308,896 1362,896 1417,894 1471,893 1525,891 1580,890 1634,888 1688,887 1743,885"/><TextEquiv><Unicode>toribus et crucifixoribus iniuriam omnem dimisit pro eis</Unicode></TextEquiv></TextLine><TextLine custom="readingOrder {index:9;}" id="r1l10"><Coords points="657,964 657,974 783,980 784,980 891,969 935,975 936,975 938,975 940,975 949,968 996,975 998,975 999,975 1038,966 1230,971 1231,971 1374,958 1445,966 1446,966 1504,955 1734,953 1735,941 1732,900 1680,891 1679,891 1588,902 1523,894 1522,894 1520,894 1490,903 1457,895 1456,895 1454,895 1453,895 1451,895 1451,897 1442,905 1374,897 1373,897 1299,908 1230,900 1228,900 1153,911 1101,903 1100,903 1098,903 1074,914 655,916 657,964"/><Baseline points="659,965 712,964 766,963 820,962 874,960 928,959 982,957 1036,956 1090,956 1144,954 1198,953 1251,951 1305,950 1359,950 1413,948 1467,947 1521,945 1575,945 1629,944 1683,943 1737,942"/><TextEquiv><Unicode>quoque oravit in cruce dicens Pater ognosce illis quia ne</Unicode></TextEquiv></TextLine><TextLine custom="readingOrder {index:10;}" id="r1l11"><Coords points="1707,942 1705,942 1690,950 1655,944 1654,944 1591,953 1570,944 1566,946 1556,946 1495,957 1415,950 1413,950 1412,950 1410,950 1399,958 1385,949 1384,949 1382,949 1381,949 1107,966 1093,957 1092,957 1090,957 1089,957 935,968 856,963 855,963 778,975 695,968 693,968 692,968 673,977 674,1019 674,1032 1735,1005 1735,991 1734,949 1716,942 1707,942"/><Baseline points="675,1020 728,1018 781,1016 834,1014 887,1013 940,1011 993,1011 1046,1010 1099,1008 1152,1008 1205,1007 1258,1006 1311,1005 1364,1004 1417,1004 1470,1002 1523,1001 1576,999 1629,998 1682,995 1736,993"/><TextEquiv><Unicode>sciunt quid faciunt. Hoc etiam christus omnibus in sa</Unicode></TextEquiv></TextLine><TextLine custom="readingOrder {index:11;}" id="r1l12"><Coords points="1453,1002 1316,1015 1253,1008 1252,1008 1250,1008 1249,1008 1249,1010 1247,1010 1242,1016 1085,1011 1084,1011 1082,1011 1045,1021 980,1013 979,1013 913,1024 864,1016 863,1016 817,1026 786,1019 784,1019 783,1019 781,1019 781,1021 773,1027 654,1022 655,1073 655,1085 1734,1062 1735,1048 1727,996 1712,1005 1680,997 1679,997 1677,997 1676,997 1644,1008 1519,1010 1454,1002 1453,1002"/><Baseline points="657,1074 713,1072 770,1071 827,1068 884,1068 940,1067 997,1065 1054,1064 1111,1062 1168,1061 1224,1059 1281,1059 1338,1058 1395,1056 1452,1055 1508,1054 1565,1053 1622,1052 1679,1050 1736,1049"/><TextEquiv><Unicode>luberrimum remedium reliquit qui morituri sunt. ut et ipsi</Unicode></TextEquiv></TextLine><TextLine custom="readingOrder {index:12;}" id="r1l13"><Coords points="662,1126 662,1140 1740,1117 1741,1102 1740,1060 1385,1059 1384,1059 1382,1059 1381,1059 1371,1066 1338,1060 1337,1060 1095,1073 1024,1066 1023,1066 1021,1066 1004,1074 754,1073 753,1073 660,1082 662,1126"/><Baseline points="663,1128 719,1127 776,1124 833,1122 890,1121 946,1119 1003,1118 1060,1117 1117,1115 1174,1115 1230,1113 1287,1112 1344,1110 1401,1109 1458,1108 1514,1107 1571,1106 1628,1105 1685,1104 1742,1103"/><TextEquiv><Unicode>omnibus debita dimittant et tunc ipsis eciam debita sua</Unicode></TextEquiv></TextLine><TextLine custom="readingOrder {index:13;}" id="r1l14"><Coords points="1614,1106 1599,1106 1597,1106 1564,1113 1490,1107 1489,1107 1487,1107 1486,1107 1470,1117 1286,1112 1285,1112 1283,1112 1253,1120 1074,1118 1073,1118 1071,1118 1054,1126 1037,1118 1035,1118 1034,1118 969,1129 910,1121 908,1121 907,1121 888,1131 867,1123 866,1123 864,1123 863,1123 836,1132 812,1124 811,1124 809,1124 659,1129 660,1179 660,1195 1732,1165 1732,1153 1729,1110 1622,1104 1614,1106"/><Baseline points="662,1181 715,1179 769,1178 822,1176 876,1175 929,1173 983,1173 1036,1172 1090,1170 1143,1169 1197,1167 1251,1166 1304,1166 1358,1164 1411,1163 1465,1162 1518,1161 1572,1159 1625,1158 1679,1157 1733,1154"/><TextEquiv><Unicode>a deo dimittuntur. christo dicente Dimitte nobis debita no</Unicode></TextEquiv></TextLine><TextLine custom="readingOrder {index:14;}" id="r1l15"><Coords points="1690,1156 1674,1157 1671,1157 1636,1164 1619,1157 1611,1159 1596,1159 1588,1159 1537,1167 1514,1160 1501,1162 1486,1162 1479,1162 1418,1170 1355,1164 1354,1164 1299,1173 1282,1167 1282,1167 1266,1167 1250,1167 1235,1167 1219,1167 1203,1167 1198,1167 1164,1167 1156,1168 1140,1170 1125,1170 1112,1170 1056,1179 1015,1173 1015,1173 999,1173 998,1173 971,1182 817,1186 764,1178 762,1178 761,1178 759,1178 748,1187 704,1179 703,1179 655,1189 657,1234 657,1250 1740,1223 1741,1206 1738,1160 1696,1154 1690,1156"/><Baseline points="659,1236 713,1235 767,1232 821,1230 875,1229 930,1227 984,1226 1038,1224 1092,1223 1146,1223 1201,1221 1255,1220 1309,1218 1363,1218 1417,1217 1472,1215 1526,1214 1580,1212 1634,1211 1688,1209 1743,1208"/><TextEquiv><Unicode>stra. sicut et nos dimittimus debitoribus nostris Et alibi</Unicode></TextEquiv></TextLine><TextLine custom="readingOrder {index:15;}" id="r1l16"><Coords points="1669,1209 1668,1209 1666,1209 1666,1211 1665,1211 1658,1220 1459,1223 1439,1215 1437,1215 1435,1215 1370,1226 1318,1219 1316,1219 1315,1219 1313,1219 1299,1228 1258,1220 1257,1220 1255,1220 1230,1230 1151,1223 1150,1223 1148,1223 1147,1223 1134,1233 961,1228 960,1228 666,1242 668,1289 668,1302 1079,1297 1205,1284 1252,1292 1253,1292 1255,1292 1289,1283 1349,1289 1351,1289 1352,1289 1377,1280 1426,1288 1428,1288 1536,1278 1719,1280 1721,1280 1723,1280 1724,1280 1735,1270 1735,1261 1732,1217 1671,1209 1669,1209"/><Baseline points="669,1290 722,1288 775,1285 829,1283 882,1281 936,1280 989,1278 1042,1278 1096,1277 1149,1275 1203,1275 1256,1274 1309,1274 1363,1272 1416,1271 1470,1270 1523,1269 1576,1268 1630,1266 1683,1265 1737,1262"/><TextEquiv><Unicode>dimittite et dimitteretur vobis. Debet insuper et moritu-</Unicode></TextEquiv></TextLine><TextLine custom="readingOrder {index:16;}" id="r1l17"><Coords points="1628,1266 1569,1278 1181,1278 1180,1278 1178,1278 1176,1278 1176,1280 1175,1280 1169,1288 1128,1280 1126,1280 998,1292 946,1284 944,1284 943,1284 922,1294 889,1286 888,1286 886,1286 823,1297 720,1292 718,1292 717,1292 715,1292 703,1300 660,1294 662,1342 662,1357 1743,1328 1743,1313 1738,1264 1683,1273 1630,1266 1628,1266"/><Baseline points="663,1344 717,1341 771,1340 825,1338 879,1336 933,1335 987,1334 1041,1332 1095,1331 1149,1331 1204,1329 1258,1328 1312,1328 1366,1326 1420,1325 1474,1324 1528,1322 1582,1321 1636,1319 1690,1317 1745,1314"/><TextEquiv><Unicode>rus reconciliari et petere publice veniam si quem verbo vel</Unicode></TextEquiv></TextLine><TextLine custom="readingOrder {index:17;}" id="r1l18"><Coords points="1283,1328 1282,1328 1253,1339 1228,1330 1227,1330 1225,1330 1148,1344 1065,1344 1032,1335 1031,1335 1029,1335 1027,1335 1004,1346 947,1338 946,1338 944,1338 943,1338 929,1347 666,1347 668,1394 668,1415 1749,1382 1749,1366 1746,1328 1693,1317 1691,1317 1633,1319 1632,1319 1630,1319 1630,1321 1619,1330 1591,1322 1589,1322 1588,1322 1586,1322 1585,1322 1570,1331 1509,1324 1508,1324 1390,1336 1285,1328 1283,1328"/><Baseline points="669,1395 723,1394 777,1392 831,1391 885,1391 939,1389 993,1388 1047,1388 1101,1386 1155,1385 1210,1385 1264,1383 1318,1382 1372,1380 1426,1379 1480,1377 1534,1376 1588,1374 1642,1372 1696,1370 1751,1367"/><TextEquiv><Unicode>facto offenderit. Hoc enim ey christi doctrina tradit Si in</Unicode></TextEquiv></TextLine><TextLine custom="readingOrder {index:18;}" id="r1l19"><Coords points="666,1449 666,1466 1746,1433 1746,1422 1743,1380 1616,1375 1614,1375 1572,1385 1555,1379 1553,1379 1552,1379 1332,1391 1300,1383 1299,1383 1297,1383 1296,1383 1294,1383 1282,1393 1249,1386 1247,1386 1246,1386 1227,1394 1068,1391 1067,1391 900,1402 859,1396 858,1396 856,1396 855,1396 855,1397 847,1404 792,1396 790,1396 789,1396 765,1405 693,1399 692,1399 690,1399 665,1405 666,1449"/><Baseline points="668,1451 722,1449 776,1447 830,1445 884,1444 938,1442 992,1442 1046,1440 1100,1439 1154,1437 1208,1437 1262,1436 1316,1434 1370,1434 1424,1433 1478,1431 1532,1430 1586,1428 1640,1427 1694,1425 1748,1424"/><TextEquiv><Unicode>quit offers munus tuum ante altare et recordatus fueris</Unicode></TextEquiv></TextLine><TextLine custom="readingOrder {index:19;}" id="r1l20"><Coords points="662,1504 662,1521 732,1513 765,1520 767,1520 850,1510 949,1515 951,1515 1730,1492 1732,1477 1729,1429 1628,1437 1585,1429 1583,1429 1519,1440 1431,1433 1429,1433 1428,1433 1393,1443 1384,1435 1382,1435 1381,1435 1379,1435 1330,1444 1278,1437 1277,1437 1275,1437 1274,1437 1274,1438 1264,1446 1087,1441 1085,1441 1012,1452 979,1444 977,1444 976,1444 765,1459 707,1451 706,1451 704,1451 703,1451 703,1452 693,1462 660,1462 662,1504"/><Baseline points="663,1506 716,1503 770,1501 823,1500 877,1497 930,1496 984,1495 1037,1494 1091,1493 1144,1491 1198,1491 1252,1490 1305,1488 1359,1488 1412,1487 1466,1485 1519,1485 1573,1483 1626,1482 1680,1479 1734,1478"/><TextEquiv><Unicode>que frater tuus habet aliquid adversum te relinque ibi munus</Unicode></TextEquiv></TextLine><TextLine custom="readingOrder {index:20;}" id="r1l21"><Coords points="666,1557 666,1575 1741,1546 1741,1528 1737,1487 1173,1495 1172,1495 1170,1495 1158,1502 1027,1499 1026,1499 1024,1499 1002,1507 892,1502 891,1502 665,1517 666,1557"/><Baseline points="668,1559 721,1557 775,1555 829,1553 882,1551 936,1551 990,1550 1043,1548 1097,1547 1151,1547 1205,1545 1258,1544 1312,1544 1366,1542 1419,1541 1473,1539 1527,1538 1580,1536 1634,1535 1688,1532 1742,1529"/><TextEquiv><Unicode>tuum et vade prius reconciliari fratri tuo. Per illa duo</Unicode></TextEquiv></TextLine><TextLine custom="readingOrder {index:21;}" id="r1l22"><Coords points="1621,1535 1608,1545 1484,1546 1445,1539 1434,1540 1432,1540 1382,1550 1366,1542 1365,1542 1363,1542 1299,1551 1278,1545 1277,1545 1261,1545 1260,1545 1200,1554 1148,1546 1140,1546 1123,1556 1087,1548 1085,1548 1084,1548 1082,1548 1082,1550 1073,1557 1024,1550 1023,1550 941,1561 859,1554 858,1554 856,1554 830,1565 666,1565 668,1609 668,1622 1740,1600 1741,1581 1738,1542 1688,1532 1687,1532 1685,1532 1661,1542 1625,1535 1624,1535 1622,1535 1621,1535"/><Baseline points="669,1611 722,1610 776,1608 829,1607 883,1605 937,1604 990,1602 1044,1602 1098,1601 1151,1599 1205,1598 1259,1598 1312,1596 1366,1595 1420,1593 1473,1592 1527,1590 1581,1589 1634,1587 1688,1586 1742,1583"/><TextEquiv><Unicode>caritas reformatur si lesa fuerit sine qua nulli pater via salu</Unicode></TextEquiv></TextLine><TextLine custom="readingOrder {index:22;}" id="r1l23"><Coords points="671,1666 671,1677 790,1674 816,1681 817,1681 819,1681 913,1670 996,1677 998,1677 1068,1666 1120,1674 1122,1674 1186,1663 1235,1670 1236,1670 1238,1670 1257,1663 1402,1666 1404,1666 1406,1666 1431,1656 1457,1664 1459,1664 1461,1664 1575,1661 1641,1650 1745,1655 1746,1636 1741,1589 670,1619 671,1666"/><Baseline points="672,1667 725,1664 779,1662 833,1659 887,1658 941,1657 994,1655 1048,1655 1102,1653 1156,1653 1210,1652 1263,1650 1317,1650 1371,1649 1425,1647 1479,1646 1532,1644 1586,1643 1640,1641 1694,1640 1748,1637"/><TextEquiv><Unicode>tis Sic et creditoribus debet satisfacere et restituere iniu</Unicode></TextEquiv></TextLine><TextLine custom="readingOrder {index:23;}" id="r1l24"><Coords points="674,1717 674,1738 801,1728 979,1732 980,1732 982,1732 1001,1724 1018,1730 1020,1730 1021,1730 1065,1722 1107,1728 1109,1728 1253,1717 1299,1724 1300,1724 1492,1711 1745,1711 1745,1691 1740,1645 673,1669 674,1717"/><Baseline points="675,1719 728,1717 782,1715 835,1713 889,1712 942,1712 996,1710 1049,1709 1103,1708 1156,1707 1210,1706 1264,1706 1317,1704 1371,1703 1424,1703 1478,1701 1531,1700 1585,1698 1638,1697 1692,1694 1746,1692"/><TextEquiv><Unicode>ste ablata aut quecumque non sunt sui iuris aut petere de-</Unicode></TextEquiv></TextLine><TextLine custom="readingOrder {index:24;}" id="r1l25"><Coords points="1468,1702 1467,1702 1465,1702 1443,1713 1258,1716 1228,1708 1227,1708 1225,1708 1142,1719 1071,1713 1070,1713 1068,1713 1029,1722 798,1719 797,1719 795,1719 794,1719 783,1728 759,1721 757,1721 756,1721 676,1732 677,1772 677,1786 1745,1760 1745,1744 1741,1702 1475,1702 1468,1702"/><Baseline points="678,1773 731,1772 784,1770 838,1769 891,1767 945,1766 998,1765 1051,1764 1105,1763 1158,1761 1212,1760 1265,1760 1318,1758 1372,1757 1425,1755 1479,1754 1532,1753 1585,1752 1639,1750 1692,1748 1746,1746"/><TextEquiv><Unicode>bent relaxationem. si non est modo provisus de solven-</Unicode></TextEquiv></TextLine><TextLine custom="readingOrder {index:25;}" id="r1l26"><Coords points="828,1769 748,1782 687,1772 685,1772 684,1772 682,1772 682,1774 673,1782 674,1823 674,1838 1738,1823 1740,1823 1759,1813 1759,1801 1756,1757 1679,1752 1677,1752 1617,1763 1606,1754 1605,1754 1603,1754 1602,1754 1545,1755 1544,1755 1508,1766 1437,1758 1435,1758 1434,1758 1432,1758 1418,1768 1349,1760 1348,1760 1213,1772 1016,1766 1015,1766 957,1777 919,1768 918,1768 916,1768 914,1768 913,1768 896,1779 830,1769 828,1769"/><Baseline points="675,1824 729,1823 783,1821 837,1820 892,1820 946,1818 1000,1818 1054,1817 1109,1815 1163,1815 1217,1814 1271,1814 1326,1812 1380,1811 1434,1811 1488,1809 1543,1808 1597,1806 1651,1805 1705,1803 1760,1802"/><TextEquiv><Unicode>dis. ¶ Quinto Christus in cruce ploratus emisit. ut ha</Unicode></TextEquiv></TextLine><TextLine custom="readingOrder {index:26;}" id="r1l27"><Coords points="1561,1807 1559,1807 1558,1807 1544,1818 1501,1810 1500,1810 1498,1810 1497,1810 1484,1821 1404,1821 1373,1812 1371,1812 1370,1812 1368,1812 1326,1823 1310,1813 1308,1813 1307,1813 1305,1813 1272,1813 1268,1815 1257,1815 1255,1815 1253,1815 1241,1826 1198,1816 1197,1816 1195,1816 1173,1827 1118,1818 1117,1818 1115,1818 1114,1818 1114,1819 1103,1830 1038,1830 859,1824 858,1824 792,1837 671,1829 673,1879 673,1893 1754,1866 1756,1852 1751,1813 1625,1816 1563,1807 1561,1807"/><Baseline points="674,1880 728,1878 782,1877 836,1875 890,1875 944,1874 998,1872 1053,1871 1107,1871 1161,1869 1215,1868 1269,1866 1323,1866 1377,1865 1432,1863 1486,1862 1540,1861 1594,1859 1648,1859 1702,1857 1757,1854"/><TextEquiv><Unicode>betur ad hebreos. v. Flevit autem in dampnacionem popu</Unicode></TextEquiv></TextLine><TextLine custom="readingOrder {index:27;}" id="r1l28"><Coords points="1566,1859 1537,1870 1523,1863 1522,1863 1520,1863 1359,1874 1308,1865 1307,1866 1291,1866 1286,1866 1214,1876 1180,1868 1178,1868 1176,1868 1175,1868 1173,1868 1155,1881 1100,1881 1005,1873 1004,1873 1002,1873 1001,1873 1001,1874 990,1884 886,1876 885,1876 883,1876 881,1876 881,1877 874,1884 790,1879 789,1879 787,1879 786,1879 773,1888 764,1879 762,1879 761,1879 759,1879 665,1890 666,1936 666,1948 1748,1921 1748,1907 1743,1860 1594,1868 1574,1859 1566,1859"/><Baseline points="668,1937 722,1934 776,1932 830,1929 884,1928 938,1926 992,1925 1046,1925 1100,1923 1154,1922 1208,1922 1262,1920 1316,1920 1370,1919 1424,1917 1478,1917 1532,1916 1586,1914 1640,1913 1694,1910 1749,1908"/><TextEquiv><Unicode>li ysrahelitici et abiectionem eiusdem et mortis sue in mul</Unicode></TextEquiv></TextLine><TextLine custom="readingOrder {index:28;}" id="r1l29"><Coords points="1630,1914 1616,1914 1528,1925 1500,1917 1489,1917 1479,1917 1401,1928 1371,1918 1363,1920 1351,1920 1236,1932 1137,1925 1136,1925 1134,1925 1109,1937 1026,1937 801,1932 800,1932 734,1945 674,1939 676,1987 679,2008 692,2000 800,2006 801,2006 803,2006 805,2006 817,1997 971,2000 972,2000 974,2000 996,1992 1029,2000 1031,2000 1032,2000 1117,1989 1176,1997 1178,1997 1370,1983 1716,1983 1718,1983 1719,1983 1748,1972 1748,1961 1745,1915 1694,1910 1693,1910 1691,1910 1658,1920 1635,1912 1630,1914"/><Baseline points="677,1988 730,1986 784,1985 837,1983 891,1982 945,1980 998,1979 1052,1979 1105,1977 1159,1976 1213,1976 1266,1974 1320,1973 1373,1973 1427,1971 1481,1970 1534,1968 1588,1967 1641,1965 1695,1964 1749,1962"/><TextEquiv><Unicode>tis frustrationem et penam peccatoribus infligendam. Sic</Unicode></TextEquiv></TextLine><TextLine custom="readingOrder {index:29;}" id="r1l30"><Coords points="682,2044 682,2056 1760,2025 1760,2012 1756,1964 1701,1973 1641,1967 1639,1967 1585,1976 1566,1968 1564,1968 1563,1968 1561,1968 1539,1978 1404,1973 1402,1973 1401,1973 1374,1983 1338,1975 1337,1975 1335,1975 1333,1975 1321,1986 1166,1989 1112,1981 1111,1981 987,1994 966,1986 965,1986 963,1986 961,1986 960,1986 947,1995 918,1987 916,1987 914,1987 817,1998 790,1990 789,1990 787,1990 786,1990 748,2000 692,1994 690,1994 688,1994 687,1994 679,1998 682,2044"/><Baseline points="684,2045 737,2041 791,2039 845,2037 899,2036 953,2034 1007,2033 1060,2032 1114,2031 1168,2030 1222,2030 1276,2028 1330,2028 1384,2027 1437,2025 1491,2024 1545,2022 1599,2021 1653,2019 1707,2016 1761,2013"/><TextEquiv><Unicode>et moniturus ex corde si non ex oculis fontem lacrimarum</Unicode></TextEquiv></TextLine><TextLine custom="readingOrder {index:30;}" id="r1l31"><Coords points="685,2096 685,2111 737,2118 739,2118 740,2118 742,2118 742,2116 743,2116 748,2108 966,2102 1009,2110 1010,2110 1012,2110 1013,2110 1026,2102 1090,2107 1092,2107 1197,2096 1241,2103 1242,2103 1244,2103 1246,2103 1246,2102 1247,2102 1253,2094 1293,2102 1294,2102 1296,2102 1297,2102 1311,2092 1326,2100 1327,2100 1329,2100 1588,2094 1589,2094 1591,2094 1602,2086 1643,2092 1644,2092 1646,2092 1666,2085 1756,2089 1757,2066 1752,2020 684,2048 685,2096"/><Baseline points="687,2097 740,2094 794,2093 847,2091 901,2090 954,2088 1008,2087 1061,2087 1115,2085 1168,2084 1222,2084 1276,2082 1329,2082 1383,2081 1436,2079 1490,2078 1543,2076 1597,2075 1650,2073 1704,2070 1758,2067"/><TextEquiv><Unicode>debet emittere deflendo ultimo dolore pii patris offensam</Unicode></TextEquiv></TextLine><TextLine custom="readingOrder {index:31;}" id="r1l32"><Coords points="1608,2074 1606,2074 1605,2074 1603,2074 1569,2085 1561,2078 1559,2078 1558,2078 1556,2078 1343,2091 1302,2083 1300,2083 1249,2094 1191,2089 1189,2089 1104,2099 1060,2089 1059,2089 1004,2102 805,2097 803,2097 801,2097 800,2097 800,2099 790,2107 779,2100 778,2100 776,2100 775,2100 688,2100 692,2150 692,2172 745,2163 820,2169 822,2169 823,2169 825,2169 836,2161 845,2169 847,2169 849,2169 850,2169 908,2158 1004,2165 1005,2165 1178,2150 1208,2158 1209,2158 1211,2158 1275,2147 1326,2155 1327,2155 1391,2146 1426,2152 1428,2152 1757,2136 1759,2119 1754,2080 1627,2083 1610,2074 1608,2074"/><Baseline points="693,2151 746,2149 799,2148 853,2147 906,2145 959,2144 1013,2144 1066,2142 1119,2141 1173,2141 1226,2139 1279,2138 1333,2136 1386,2135 1439,2134 1493,2132 1546,2130 1599,2129 1653,2126 1706,2124 1760,2121"/><TextEquiv><Unicode>quam sepe contraxit per peccata et suam ingratitudinem de</Unicode></TextEquiv></TextLine><TextLine custom="readingOrder {index:32;}" id="r1l33"><Coords points="1401,2135 1399,2135 1337,2147 1272,2139 1271,2139 1269,2139 1238,2150 1103,2154 1040,2147 1038,2147 1037,2147 1020,2155 993,2146 991,2146 990,2146 853,2158 842,2150 841,2150 839,2150 838,2150 750,2152 688,2165 690,2205 690,2248 808,2248 809,2248 869,2229 924,2245 925,2245 927,2245 929,2245 968,2224 1046,2216 1106,2216 1117,2224 1118,2224 1120,2224 1122,2224 1123,2224 1142,2216 1159,2224 1161,2224 1162,2224 1164,2224 1166,2224 1173,2216 1205,2226 1206,2226 1208,2226 1260,2218 1289,2227 1291,2227 1293,2227 1294,2227 1343,2215 1454,2223 1456,2223 1457,2223 1459,2223 1459,2221 1475,2207 1544,2207 1564,2221 1566,2221 1567,2221 1569,2221 1570,2221 1572,2221 1591,2205 1611,2215 1613,2215 1614,2215 1616,2215 1617,2215 1632,2204 1680,2224 1682,2224 1683,2224 1685,2224 1712,2215 1760,2221 1762,2177 1754,2128 1741,2136 1715,2127 1713,2127 1712,2127 1710,2127 1708,2127 1693,2138 1606,2132 1605,2132 1517,2143 1459,2133 1457,2133 1456,2133 1428,2144 1402,2135 1401,2135"/><Baseline points="692,2207 745,2204 799,2202 852,2201 906,2199 959,2198 1013,2196 1066,2195 1120,2194 1173,2193 1227,2192 1281,2190 1334,2190 1388,2189 1441,2187 1495,2186 1548,2186 1602,2184 1655,2183 1709,2180 1763,2178"/><TextEquiv><Unicode>multis beneficiis a deo receptis et que christi morti in vita</Unicode></TextEquiv></TextLine><TextEquiv><Unicode>sciens que diligentibus deum omnia cooperantur in bo-
num Dicens filiali voce illud augustini Hic vere hic se-
ca ut postmodum ineternum parcas. Adhortante etiam
nos ad hoc beato Iheronimo Eo inquit tempore quo defi-
cit anima nostra et corporum compago divellitur non ad
aliud debemus cogitacionem ducere nisi ad deum qui
et in corpore ext extra corpus noster est dominus et deus.
¶ Quarto hoc egit christus in sua passione que omnibus tor
toribus et crucifixoribus iniuriam omnem dimisit pro eis
quoque oravit in cruce dicens Pater ognosce illis quia ne
sciunt quid faciunt. Hoc etiam christus omnibus in sa
luberrimum remedium reliquit qui morituri sunt. ut et ipsi
omnibus debita dimittant et tunc ipsis eciam debita sua
a deo dimittuntur. christo dicente Dimitte nobis debita no
stra. sicut et nos dimittimus debitoribus nostris Et alibi
dimittite et dimitteretur vobis. Debet insuper et moritu-
rus reconciliari et petere publice veniam si quem verbo vel
facto offenderit. Hoc enim ey christi doctrina tradit Si in
quit offers munus tuum ante altare et recordatus fueris
que frater tuus habet aliquid adversum te relinque ibi munus
tuum et vade prius reconciliari fratri tuo. Per illa duo
caritas reformatur si lesa fuerit sine qua nulli pater via salu
tis Sic et creditoribus debet satisfacere et restituere iniu
ste ablata aut quecumque non sunt sui iuris aut petere de-
bent relaxationem. si non est modo provisus de solven-
dis. ¶ Quinto Christus in cruce ploratus emisit. ut ha
betur ad hebreos. v. Flevit autem in dampnacionem popu
li ysrahelitici et abiectionem eiusdem et mortis sue in mul
tis frustrationem et penam peccatoribus infligendam. Sic
et moniturus ex corde si non ex oculis fontem lacrimarum
debet emittere deflendo ultimo dolore pii patris offensam
quam sepe contraxit per peccata et suam ingratitudinem de
multis beneficiis a deo receptis et que christi morti in vita</Unicode></TextEquiv></TextRegion></Page></PcGts>