2128 2824
588 363 663 442 ¶ Capitulum quindecimum De his que
643 426 1333 502 circa finem morituris solent evenire
290 478 523 655 N
555 467 1468 558 On mirum mihi videri debet si lector meus mira-
555 524 1484 608 ri videatur de stilo quo tendat in presenti cum de arte
558 585 1475 671 bene moriendi philozophari promiserim. et ea que
389 630 1468 723 dicta sunt ymaginem preferunt bene vivendi quasi digesta ma-
378 685 1478 770 teria titulo et proposito non sit conformis. Sed si bene res consi-
393 740 1483 831 deretur nihil extra propositum est digestum cum ars hec bene mori
384 793 1484 881 endi primum vult habere artem bene vivendi et unum est introdu-
387 847 1476 933 ctivum alterius. neque enim speranda est mors bona quam non pre
392 905 1475 985 cessit vita bona. secunum Gregorium de lege communi. Neque timen-
398 955 1479 1048 dum est de mala morte quam bona vita precessit Nisi ergo
397 1010 1493 1101 una premittatur alia non subsequitur Oportet enim secundum Gregori
397 1066 1481 1154 um ymmo secundum ewangelicam maiestatem vt si quis rex unus cum de-
395 1115 1484 1203 cem milibus iturus ad prelium contra regem qui cum viginti mili-
395 1170 1493 1261 bus venturus est prius sedeat et computet si ex equo possit si-
387 1223 1495 1316 bi occurrere cum simplo ad duplum Alioquin adhuc illo lon
390 1283 1493 1371 ge agente legacionem prius mittat rogans ea que pacis sunt
389 1331 1501 1426 et pacis federa meat ad potentiorem Luce. xiiii. Sic quem
395 1388 1486 1479 libet moriturum oportet facere qui vires suas impares sen
400 1437 1504 1535 tit ad reddendum rationem equissimo et potentissimo regi
401 1496 1493 1581 de omnibus operibus et cogitacionibus atque verbis in die mor
400 1548 1493 1639 tis sue ante tribunal illud scilicet iudicium tremendum prevenire de
401 1601 1501 1691 bet et premittere legacionem penitentie et satisfactionis in his
408 1655 1504 1743 et cum his que dicta sunt superius ut sic placet faciem iudicis
403 1708 1501 1793 et eum favorabilem inveniat Et vix adhuc etiam hac lega
395 1765 1498 1851 tione premissa nisi misericordia et pietate iudicis interve
404 1824 1498 1896 niente vere veniam et pacem potest sperare Dicit enim sermo
411 1873 1508 1959 divinus qui cum multa premisisset de requirenda habitacio
408 1921 1512 2012 ne tabernaculi dei et ascensione in montem dei Innocentius inquit
411 1976 1512 2067 manibus et mundo corde etcetera. et postea versum addidit non de
403 2028 1514 2119 iusticia sibi debenda aut debita. sed ait Hic accipiet be-
408 2099 908 2202 nedictionem a domino et misericordiam a deo salutari suo Et
1377 2136 1490 2224 C iii
