1719 2633
331 271 1578 306 prout decet hominem et christianum maxime. plurimum vestrum propagastis im-
339 314 1580 349 perium Opulentissimum vestrum regnum pecunijs abundabat. adeo vt super quasi sca-
331 373 1575 405 turire viderentur militum armigeri plus quam hodie ipsi domini pecuniarum habebant
350 427 1583 446 quamobrem ea tempestate omnes fere milites qui sub victricibus insignibus regni vestri
342 464 1580 510 stipendia merebantur. nobiles erant. Unde nihil magis quam dedecus in bello time-
345 515 1588 550 bant. Malebant enim mori quam hostibus terga dare. Ob idque victores euade-
334 553 1578 599 bant vrbes et opida munitissima expugnabant et regna aplissima in felicem di
345 609 1578 639 tionem vestram redigebant. qua tempestate tot vobis strenuissimi militum ductores
337 660 1594 714 erant vt eorum quisque. si nunc vitam ageret. optimus esset ornatissimi exercitus vestri prin
339 714 1594 746 cipys. Sed quid referam quanti mulierum vestrarum monilia torques et cetera orna-
337 752 1586 803 menta constant. Nonne loculos vestros percunijs penitus spoliant Quot pecunias
342 803 1572 854 in emendis lapillis preciosis et margaritis. et ornatissimis vestibus quotidie
337 846 1580 889 profundis. Hijs ne bella geruntur an auro et argento. Profecto strenui mi-
350 883 1588 945 lites vestri neque lapillis preciosis neque margaritis magnanimos equos aut
345 948 1586 985 pulcerrima arme emere. aut suam famulis mercedem prestare poterunt. neque hijs
342 991 1588 1037 vestrarum mulierum ornamentis comeatum et cetera ad victum necessaria sibi. equis.
342 1047 1594 1074 armigeris suppeditare poterunt. Uerum si pudicissimas matronas vestras or
342 1085 1591 1128 nare vobis in animo est monilia aurea illis coemite et denique quicquid ornamenti
350 1144 1591 1168 habetis aurum vel argentum sit quod facile in monetam necessitatis tempore sine magno
342 1174 1591 1214 dispendio conflari possit. Hoc enim pacto semper auro et argento regnum abunda
345 1238 1602 1268 bit. Postremo hoc pectoribus vestris affigite vt ex vobis clarissimis viris du
337 1273 1596 1319 cem exercituum (non affinitate. non diuitiarum gratia. non amicicia moti. sed imperij a-
342 1332 1594 1362 more quo humano in genere ardentius nihil. nihil suauius. nihil dulcius est. ni
331 1372 1596 1431 hilque magis homines extremum quodque etiam periculum subire compellat) deligatis. De-
321 1426 1604 1469 betis enim. inquam: virum acri ingenio. et robusto corpore prestantem deligere. quoque ma
334 1474 1580 1515 gis bello quam toge aptus videatur. necnon et quo vobis maxima etiam experigentia et vsu
329 1520 1599 1563 notus sit quantum bello valeat quantumque in periculis firmus fit et prudens. Nam
339 1563 1599 1614 ratio et consilium cum omnibus in rebus plurimum valet tamen in bello gerendo maxime. Qui
339 1606 1615 1668 enim rei militaris et imperij sit ignarus recte agere nihil potest neque pugnando
339 1670 1596 1716 neque imperando. Est igitur vobis maxime aduertendum quem ducem exercitus vestri de
334 1716 1588 1756 ligatis. Nam qualis dux talis et exercitus erit. Denique tales duces exercitus vestri
329 1754 1594 1818 deligite qui splendorem et patrie decus diuitijs omnibus super pretulere Et vobis certum
336 1820 1608 1862 dedere exemplum quam fugienda sit auaricia quam quo sequuntur eorum corpus animusque
338 1867 1599 1908 virilis effeminatur. Ideo nullus auaricie obnoxius dignus vnquam imperio ha
339 1914 1591 1953 bebitur. Et profecto si omnes bone artes in exercitus vestri duce essent. illas tamen
348 1962 1593 2009 omnes auaricia corrumperet. Omne enim periculum spe lucri strenuissimus ille exer
346 2010 1593 2047 citus vester subiret. que carebit si ducem auarum nactus fuerit. Summe igitur libera-
343 2056 1594 2100 litas necessaria est optimo in principe et duce exercituum. qua caruerit eum pa-
344 2113 1601 2165 rere potius quam imperare decens et consentaneum erit. Sed vt verius et clarius
