1775 2630
307 236 1277 300 Pars. iij. .$. j et ij
157 340 1409 372 gula possessor li. vj. Etiam se teneat per mille annos . vt dicit glo. xvj. q. iij. c.
163 382 1413 439 Per singulas. Secus esset di erretnr in facto probabili. ex ignorantia crassa
157 447 1413 483 vel supina non procedenti. ff. de iuris et fac. igno. l. Nec supina. et. l. Regula
161 489 1407 535 $. Sed facti. Et. j. q. iiij. c. Turbatur. Aut post longissimum tempus bona
165 542 1411 569 fide successoris vicium purgatum esset. et sic curreret prescriptio. Uerbi gratia
168 582 1424 623 Emit aliquis fide bona. et excluso errore iuris. a minore. quem putabat pro-
165 632 1416 672 babiliter maiorem. vel rem a prelato. sed putabat probabiliter capitulum con
163 678 1418 724 sensisse et homini. Et taliter acquirens prescribit. Secus esset si emat errans
147 730 1413 777 in iure vtputa acquisiuit quis rem a prelato. vel a minore credens que prela
157 781 1422 831 tus sine capitulo. vel minor sine decreto iudicis et curatorum. alienare possent
159 831 1420 873 quia numquam talis prescribit. nisi successor fide. bona. et alio iure succedens.
157 884 1426 930 alias non. quia si iniustum habuit predecessor titulum talem qui non det
151 940 1418 974 causam prescribendi. successor qui eodem iure seu titulo vtitur. non pre-
161 984 1420 1030 scribit. ff. de diuersis tempo. et prescrip. l. Cum heres. Sic est de his dicen
172 1035 1401 1060 dum que bona regalia tenent. Et de hoc infra clarius patebit ij. $
172 1074 1416 1146 Sed posito que de rigore iuris pre-
160 1165 1414 1198 scriptio cucurrisset. aut legitime essent alienata debet regnum et rex restitui
162 1204 1426 1261 aduersus talem prescriptionem. aut legitimam alienationem. ex qua regno
162 1275 1420 1294 et reipublice regni sequeretur enormis lesio. quia et quelibet ciuitas. quia
160 1298 1426 1338 per alium regitur. si ex facto vel negligentia administratoris enormiter le
156 1350 1426 1385 datur restitueretur. vt non. glo. quam approbat Iacobus de Butriga. et Bar.
156 1392 1420 1437 in. l. Respublica. C. ex quibus cau. maiores in integrum resti. Et sequitur Io.
156 1452 1404 1496 an. in addici. ad Spe. ti. de. in inte. resti. Ubi post multas opiniones resi-
158 1502 1404 1550 det in opinione odofre. qui tenet que non solum ciuitas. sed etiam castrum
156 1558 1404 1599 et villa possunt petere restitutionem in integrum. et licet. Bar. post. Ia. de
162 1612 1414 1641 Butri. in dicta. l. Respublica non admittat nisi in villa et castro populoso
162 1645 1416 1685 Bal. tamen et Ia: de are tenet etiam in villa non populosa. ex quo regitur per alios
166 1695 1416 1749 et hanc opi. pa. in. c. j. de resti. in inte. dicit equiorem. Et facit quod non. in. l. Rem-
160 1760 1418 1791 pubicam. C. de iure reipub. li. xj. et. l. Sed et h ij qui. ff. de publi. vbi dicitur ꝙ quod
158 1797 1418 1845 libet municipium dicitur respublica. Sed respublica fungitur iure minoris. d
162 1847 1416 1880 l. Respublica. et. d. l. Rempublicam ergo etcetera. Adde quod non. Angelus de cla
162 1889 1420 1936 uasio in sua summa. vir. Usura. j. $. lxxix. Nec obstat lapsus quadriennij a
145 1945 1422 1993 die complete prescriptionis. infra quod restitutio peti debuit. quia vbi est emi
156 2001 1426 2045 nentissimum damnum ex tali lapsu non impeditur restitutio. vt. non. de in inte-
162 2055 1416 2084 grum restitu. c. j. li. vj. in glo. Et est textus secundum Hosti. Io. an. et Panor
166 2090 1418 2146 in. c. Ad nostra de re. ec. non alie. Sicut ergo eminentissimum damnum
1219 2146 1356 2171 E 1
