1799 2626
144 252 1405 289 dicatur vllus vnquam sine liberalitate. et maxima quidem optimus vel bonus
140 295 1403 333 saltem princeps erit. vel habetur. Quis enim miles vel alterius militaris dignita-
155 353 1401 382 tis vir illum ducem exercituum et amabit et colet. quem maxime destestabilique auari
150 385 1401 431 cie. nulla neque honoris neque summe dignitatis sue. ratione habita. obnoxium
149 450 1397 480 cognoscet. cum milites non liberales tamen sed prodigi. omnes fere sint. Quamobrem po-
153 483 1404 535 terit ne in tam dispari natura vllus verus amor vlla obedientia. vel militaris
153 548 1404 577 reuerentia esse. carebunt spe pecuniarum illa que omnes fere ad militandum. haud dif
153 580 1404 627 ficile ducuntur. Maxime autem hac tempestate. qua pauci admodum milites di-
153 631 1400 671 uites fiunt. Omnes enim mercenarij sunt et pene inopia laborant qua ex re pe
144 672 1403 725 cuniarum magis quam honoris spe fere omnes ad militandum compelluntur nonne mili
147 741 1400 774 tes hec inter quotidie colloquentur. Quid nobis vrbem munitissimam vel op-
155 782 1404 826 pidum. gentem ve aliquam expugnare et prosternere proderit. et tot ex nobis ingen-
147 833 1403 868 tibus etiam vulneribus confici cum capta vrbe vel oppido vel gente sanguine nostro
150 870 1404 921 preda auarissimi principis nostri futura sit. volumus necum vulneribus et san-
152 922 1404 966 guine nostro ditare quem eius ob auariciam odimus et aspernamur. Hijs et
158 969 1404 1020 alijs homini verbis seinuicem milites ab acri pugna facile dehortantur. quod quidem et
153 1031 1397 1064 principi de decori reipublice autem maximo damno erit. Nam hostibus indies vires
149 1077 1397 1121 magis magisque crescent cum ignauum exercitum videbunt. Preterea haud nos
150 1130 1397 1161 latet quanto in discrimine. quanta in anxietate continuo versetur illud regnum cuius
150 1169 1399 1202 exercitus dux aut rectores reipublice execrabili auaricia obruantur. Omitto
149 1212 1402 1259 que nullus miles equos arma viros idoneos ad prelium cum hostibus acriter in
149 1259 1402 1312 eundem vnquam habebit. si auarum ducem nactus fuerit. Preterea optimi principis
150 1317 1407 1356 debet esse vera fides et firma spes. et pia supplicatio ad deum exemplo Moysi
157 1363 1408 1403 Iosue Dauid etc. quia de celo victoria est a rege regum. Non minori etiam
155 1410 1412 1454 cura. omni virtute prestantes prefectos preficere aciebus debetis vt iussa
152 1454 1412 1507 ducis summa celeritate et prudentia perficiant. Nam quid prodesset
152 1507 1399 1551 strenuo duci omnibus et quam diligentissime quidem prospicere si prefecti
147 1561 1400 1595 aciebus ignaui. et nullius consilij homines essent. Non enim dux illis aut
152 1600 1400 1646 fortitudinem aut prudentiam verbis suis prestare potuerit quamobrem
155 1644 1400 1699 vos quibus eos deligere cura est summa ope nitimini. vt omni virtute
150 1709 1397 1737 et integritate viros prefectos deligatis. Et denique tales in quibus nulla
153 1745 1395 1793 neque animi neque corporis virtus desideretur. Preterea quoniam parum
155 1810 1392 1837 prodesset et prefectos et duces strenuissimos esse si ceteri milites nul-
156 1849 1396 1885 lius roboris essent. pro virili parte vobis nitendum est quibus hui-
156 1895 1398 1933 usmodi delatum est negocium viros quam strenuissimos deligere. quique
153 1943 1399 1994 potius corpore quam ingenio valeant. Habebitis autem et duces et pre-
158 2005 1408 2031 fectos omni virtute ornatos et milites magno corporis robore pre-
161 2040 1399 2084 stantes si singulis temporibus ad hoc deputatis stipendium suum illis
179 2099 1404 2123 prestabitis. Que si cessabitis a mercedis solutione cuius gratia milites
