1739 2624
473 225 1489 311 Pars. iiij. .$. j.
371 324 1613 364 exercere non preualet ceruicibus superborum potestas principalis im
359 381 1611 404 ponat. et vt venerationem mereatur virtutem potestatis impartiatur. Co
356 414 1611 465 gnoscant principes seculi deo se debere esse redituros rationem. propter
356 477 1609 512 ecclesiam quam christo tuendam suscipiunt. Nam siue augeantur pax. et di-
356 517 1621 564 sciplinam ecclesie per fideles principes. siue soluatur. ille ab eis rationem exi
354 571 1621 609 git. qui eorum potestati suam ecclesiam tradidit. Et in d. o. Regum. sic dicitur
354 614 1599 654 Regum officium est proprium est facere iudicium atque iustitiam. et liberare
352 663 1599 701 de manu calumniantium vi oppressos. et peregrinis pupillisque et viduis
347 703 1602 755 prebere auxilium etc. Ex quibus verbis sacrorum canonum liquide etiam
356 760 1599 795 manifestum est qualia et cuius regia bona sint. Unde bona regis quocum-
354 802 1592 856 que titulo alienationis vsurpantes. Omnes has personas in presenti. $.
349 863 1592 915 expressas iniuria equidem maxima seu atrocissima afficiunt. ergo grauius
349 915 1595 953 peccant. ar. c. q. iiij. c. Quid ergo Nam non solum vnius ecclesie raptores
352 964 1597 1007 censentur sed omnium ecclesiarum. cunctorumque regnicolarum. ob quorum
359 1016 1597 1047 defensionem instituta sunt. Unde quibuslibet regnicolis competit actio
347 1063 1590 1099 contra tales ar. d. c. Si quis presbyterorum. Et c. non liceat. xij. q. ij. Et
352 1103 1590 1148 profecto hoc vicio infecti videntur esse peiores paganis: qui lege nature
345 1153 1595 1202 recti nihil iniusti in republica ausi sunt facere. vt patet de Pittaco mityleneo
345 1202 1597 1247 de quo narrat Ualerius. li. vj. Que cum agri pars per eum ab hostibus re
345 1261 1597 1285 cuperati consensu omnium offerretur. auerit animum ab eo munere de-
345 1292 1602 1341 cor me iudicans virtutis gloriam magnitudine prede minuere. Hec ille.
345 1393 1611 1487 Quarta et vltima pars huius tra-
349 1503 1599 1565 ctatus quomodo illegitime alie-
352 1579 1595 1647 nata seu mala fide acquisita sint re-
341 1668 1071 1749 stituenda ostendit.
373 1772 1602 1819 ¶ Cum autem iura et bona regis sint aliena. quia totius re- j. $.
339 1835 1602 1861 gni iure gentium ad se tuendum instituta. ipsique regi specialiter consignata
336 1880 1592 1924 vt supra ostensum est. Igitur necessario eidem sunt restituenda. Nam re
334 1940 1592 1969 gula est iuris naturalis et diuini nedum humani Que quilibet qui habet
341 1976 1613 2010 de alieno vel quod ad alium spectat seu debetur omnino restituere debet de
336 2016 1610 2060 necessitate salutis. xiiij. q. vj. c. Si res. et. c. Cum tu de vsur. Et. l. Iustitia. $.
339 2071 1519 2123 iuris precepta. ff. de iustitia et iure .ij. $.
