1751 2632
303 219 586 267 parte. $. vltimo
255 267 883 318 Bona temporalia a censibus libera
320 326 862 357 tenentes ad quid sunt obligati.
320 372 654 410 vltima parte. $. iiij
407 427 743 498 De C
259 526 876 567 Canonice electus quis dicatur. ij. parte
320 570 527 608 $ viij. et. ix.
257 611 879 657 Cantica turpia proferentes peccant.
305 664 542 703 e. parte. $. iij
262 707 885 756 Canonici ecclesiarum cathedralium quales esse
315 770 799 799 debent ea parte. $. viij. et. ix
266 807 886 851 Catholici non omnes saluantur. ea parte. $. x
255 863 895 906 Capite deficiente membra arescunt.
315 921 649 945 vltima parte. $. iiij
267 954 902 998 Causa omnium malorum que sit. ij. par. $. iij.
264 1010 799 1044 Cecus quis dicatur ea parte. $. x.
262 1049 893 1102 Charitas est radix omnium bonorum
305 1102 544 1148 ij. parte. $. ix
253 1149 927 1193 Charitatis preceptum quod sit. vlti. par. $. v
262 1208 880 1231 Charitate carens nullus saluatur.
317 1252 512 1282 Ibidem
255 1309 901 1328 Charitas dicitur via ab regnum ce-
296 1339 622 1377 lorum Ibidem
270 1390 904 1434 Carnis desideria quanta mala faciunt
315 1443 569 1479 ij. parte. $. iij.
277 1479 901 1525 Continere non petens quid facere de
329 1538 573 1574 bet Ibidem
283 1585 908 1634 Concupisentia carnis est periculo-
315 1638 632 1674 sissima Ibidem
270 1686 859 1727 Concubinam an liceat habere Ibidem
270 1737 867 1769 Cogitatio perursa separat a deo.
310 1775 482 1814 Ibidem
272 1828 840 1864 Caro aduersatur anime Ibidem
287 1886 895 1917 Castitas grauem inimicum fortita
315 1932 554 1964 est Ibidem
268 1975 897 2017 Corpora nostra sunt templum dei. Ibidem
257 2024 901 2064 Consensus in opus mortalis peccati licet
305 2083 901 2129 non sequitur opus est mortale peccatum Ibi.
938 247 1575 278 Ciuitas sine consensu inhabitantium
965 287 1487 329 alienari non potest ij. parte. $. ij
938 339 1560 371 Ciuitas enormiter lesa restituitur in
992 392 1440 427 integrum. iij. parte. $. ij
930 433 1537 469 Corona regni quid dicatur j. parte. $. iij.
948 475 1577 519 Corpus exponendum est pro anima
971 536 1321 557 vltima parte. $. v
940 580 1562 614 Compellendi ad fidem an sint infide
974 620 1340 668 les ij. parte. $. xij
932 672 1564 710 Corrigere subditos prelati negligen-
971 727 1560 766 tes grauiter deum offendunt. e.
973 769 1290 808 parte. $. xij. et xiij
921 827 1562 848 Consiliarij non tribuunt regi amplio-
997 863 1562 915 rem administrationem quam habet
988 913 1365 944 de iure. j. parte. $. v.
944 953 1577 1016 Consilium fidele tenentur prestare do-
994 1024 1572 1051 mino fidelitatem ei iurantes. vltima
992 1055 1200 1093 parte. $. iiij
944 1108 1568 1162 Contractus preiudicans alteri an va-
982 1166 1262 1192 leat j. parte. $. j
938 1214 1566 1247 Clerici quales esse debent. ij. parte $
996 1261 1234 1292 viij. et. ii. et. x
950 1306 1568 1353 Clerici tenentur ad monere seculares
1001 1367 1575 1386 vt defendant rempublicam quod si
996 1398 1596 1445 non facerent peccarent. iij. parte
984 1447 1490 1473 $. viij. et parte. et. $ vltimis
944 1494 1605 1541 Clerici peruerse viuentes ceteris om
994 1548 1589 1582 nibus magis ecclesie dei obsunt.
982 1586 1394 1635 ij. parte. $. vij. viij. et. x
949 1636 1573 1689 Clericos bonos paucos multo me-
991 1701 1579 1732 lius est habere quam multos malos
991 1732 1229 1776 e. parte. $. x
923 1786 1568 1829 Clerici milites celestis militie dicuntur
991 1835 1265 1876 iij. parte. $. viij
940 1883 1577 1932 Clericis an liceat bellare Ibidem. et
996 1936 1349 1965 parte. et. $ vltimis
938 1983 1568 2024 Clerici an necessitatis tempore teneantur ad
992 2033 1406 2070 collectas vltima parte. $ vj.
945 2078 1547 2139 Clerici qua immunitate gaudeant.
