1759 2626
281 253 1248 305 Pars. iiij. .$. vj
132 351 1383 377 dotem ecclesie. eis collatis. Hanc questionem post alios doctores format
141 386 1387 432 prefatus Panor. et eam decidit in. c. fi. de vi. et ho. cleri. et. c. j. decensibus. et in
138 447 1385 470 d. c. Non minus de immuni. eccle. que ibidem videatur. Nunc vero restat videre
136 474 1385 525 An et ipsa ecclesia vel clerici regni huius Polonie in parte quam plurima de
136 534 1382 578 vastati vna cum laycis ad predictas exactiones extra ordinarias videlicet
139 582 1388 626 sit obligata. Uidetur enim ex supradictis que sit. Quoniam videmus que nedum laycorum
140 633 1389 668 bona verum etiam ipse ecclesie vna cum bonis earum per prauas societates vastantur
134 675 1391 723 igneque consumuntur. Et quod plus est incomparabilis christi thesaurus eius pre-
136 728 1393 764 ciosissimo redemptus sanguine Ah misere et crudeliter tractatur quibus
135 766 1396 819 vt occurratur nature ius et diuinum astringit adeo que nemo excusari potest. ergo
145 822 1384 870 nec ecclesia ar. c. Peruenit de immuni. eccle. Et. c. Dilecto desentem. excom. li.
143 872 1387 905 vj. Et. l. Nullus penitus. C. de cursu. publi. li. xij. Uerum quidem hoc esse fa-
140 924 1386 961 teor que vt predictis occurratur succurraturque calamitatibus nature ius et di-
145 967 1388 1015 uinum ac etiam humanum nos compellat. non tamen confuse sed quadam ordinis dispo
140 1024 1391 1061 sitione et vnum magis quam alium. Ut autem hoc recte percipi possit notandum est
139 1064 1394 1108 Que duo actus equidem necessarij adeo que nullo pacto diuini equitate iuris
142 1114 1394 1153 exigente preteriti possunt regno nostro incumbunt. Unus quidem patrie de
147 1161 1398 1198 fensionis alius captiuorum reuocationis. Quorum primus actuum directe: vt
147 1206 1391 1250 supra dictum est. rempublicam respicit mundanam seculares dumtaxat afficiendo per-
143 1258 1393 1308 sonas. tunc ponderatis iuribus et viso hoc regno Polonie non minus viris
136 1310 1395 1339 fortibus quam tributis seu censibus ordinarijs perpetuo rebus annexis. abundante.
137 1349 1391 1395 Dico nedum ecclesias. verum etiam ceteros regnicolas ad extra ordinarias non
136 1402 1398 1439 teneri exactiones. Quis enim nostrum ignoret hoc regnum Polonie Baronibus et per=
150 1442 1397 1495 petuis reipub. militibus abundare latisque possessionibus ac tributis proventibus
137 1507 1394 1544 ve ordinarijs equidem copiosis affluere quibus vrbes et oppida in finibus regni
135 1551 1392 1596 sita quam munitissima reddi possint et defensio. Nec minus tormentis bali-
141 1609 1383 1637 stis et scorpionibus et alijs instrumentis bellicis quam muris cingi et inexpugna-
144 1655 1388 1686 bilibus turribus. Hac enim ratione regnum firmum et tutissimum efficeretur et ni nobos
141 1707 1378 1734 defuerimus amplum semper et quietum regnum habebimus. Quantum vero ad secundum
145 1742 1385 1781 actum captiuorum videlicet reuocationis dico excusari posse neminem et ma-
140 1794 1383 1828 xime reipublice rectores quorum culpa captiuitates et damna regno illata
144 1841 1385 1887 sunt. Non minus culpabiles censentur dominici gregis pastores in specu
136 1891 1385 1934 latores constituti. Nam de eis dicitur Si veniente gladio non insonuerit tuba neque
140 1940 1388 1987 significauerit. Et veniens gladius acceperit animam. illa quidem mortua erit propter
127 1994 1405 2022 iniquitates suas sanguinem autem eius de manu speculatoris requiram. Ezechielis
141 2035 1405 2073 xxxiij. Hij etenim cernentes videntesque culpas secularium rempublicam
142 2077 1398 2125 male administrantium tuba sonare debebant. et si necesse erat ecclesiastica
1199 2135 1325 2175 G 2
