1791 2622
254 251 1296 297 Pars. iij. .$. x. et xj
163 317 1409 368 ostensum est Potest igitur reuocare alienata. non obstantibus contra-
161 374 1417 417 ctibus Sigillis regum firmatis. quia tales contractus nulli sunt. eo que sunt
169 417 1417 467 contra ius et equitatem legis diuine. que non patitur quicquam alieni in alium transferre
163 473 1423 508 neque ab alijs vsurpari. Non frustra quippe textus in. d. c. Intellecto dicit
175 510 1423 564 Quia cum teneatur iura regni sui et honorem corone illibata seruare etc. Et esto
169 568 1417 605 que non sit contra legem diuinam. tamen omnino valere non possent quia essent
153 603 1419 663 contra ius totius regni publicum fauorem et in odium alienantium editum
153 667 1425 706 cui contra ire vel derogare pacto priuato non licet. l Iuspublicum. ff. de pa-
163 708 1425 756 ctis Et si quid sit contra legem talem attentatum. etiam si illud sit iuramento
161 762 1417 803 firmatum est incassum et inane et penitus reuocabile. vt est expressum in. c.
169 805 1425 855 Si diligenti de foro compe. Non ideo enim leges. tanquam capisteria et freni
167 855 1421 900 equis. nobis sint edite vt eas transgrediamur. sed vt per eas dirigamur
163 900 1421 956 neque ad sinistram neque ad dextram partem declinando Unde si quis con
163 959 1439 997 trarium facit peccat Quia id peccatum est quod fit contra legem. xxiij. q. iiij.
165 1011 1437 1050 capitulo Qui peccat Hinc est que ea que fiunt contra legem non solum in
168 1059 1433 1088 vtilia. sed etiam pro infectis habentur seu habenda sunt. xxv. q. ij. capitulo
168 1098 1429 1141 Imperiali. et. c. Rescripta. et. l. Non dubium C. de legibus nisi talia sint
167 1145 1432 1186 que nulli obsint et prosint alicui. xvj. questione. iij. capitulo Placuit. $. sic
160 1193 1418 1236 etiam in fi. xj. $.
171 1243 1419 1324 ¶ Si quidem insuper ecclisia lesa
165 1335 1429 1376 fungatur iure minoris. que vt minor restituitur in integrum. C. de integrum
165 1393 1427 1432 resti. mi l. Minoribus in integrum. et. c. Auditis de in integrum resti. Per
165 1432 1446 1481 consequens ipsum regnum seu rex Cum iura et bona eius non tamen vnius ec-
166 1484 1443 1529 clesie. sed omnium quodam modo existant. prout satis clare innuit dictum
163 1531 1429 1570 c. Grandi. Ibi cum dicitur. Cum ad curam et administrationem generalem
170 1575 1430 1617 et liberam regnitam regis quam ipsius regni vtilitate si prouide attendatur ac
170 1622 1432 1667 ad defensionem ecclesiarum monasteriorum. aliorumque piorum locorum regni et per
165 1676 1433 1726 sonarum ecclesiasticarum tam religiosarum quam secularium Necnon viduarum
165 1731 1433 1770 orphanorum et ceterorum ibidem degentium etc. Ad idem. xxiij. q. v. c. Regum
184 1773 1433 1820 et. c. Principes vbi dicitur Principes seculi nonnunquam intra ecclesiam po-
173 1825 1449 1864 testatis adepte culmina tenent. vt per eandem potestatem disciplinam
159 1871 1449 1918 ecclesiasticam muniant Ceterum intra ecclesiam potestates necessarie non
157 1922 1425 1963 essent. nisi vt quod non preualent sacerdotes efficere per doctrine sermonem.
171 1964 1427 2010 potestas hoc impetret per discipline terrorem. sepe per regnum terrenum celeste
170 2015 1418 2051 regnum proficit. vt qui intra ecclesiam positi contra fidem et disciplinam agunt
174 2060 1422 2116 rigore principum conterantur. ipsamque disciplinam quam vtilitas ecclesie
1252 2123 1358 2168 F 1
