6933 9579
1180 569 5845 700 Paruuli philosophie natu. Fo. XXXI
824 809 5845 959 tempore) tamen est regularis: quia nulla pars velocius mouetur vno tempore quam alio: saltem ha-
772 967 5810 1097 bendo respectum ad proprium centrum vniuscuiusque orbis. Inter motus autem orbium cele-
734 1122 5734 1248 stium motus primi mobilis est regularissimus: et ideo etiam ponitur primus / et regula seu
708 1257 5798 1396 metrum omnium aliorum motuum: vt patet ex. viij. physicorum. Et de hoc solo intelligitur presens
680 1398 5772 1538 diffinitio: que posita est secundum opinionem eorum qui tenent tempus nihil aliud esse realiter /
816 1565 5750 1706 quam motum primi mobilis: non absolute / sed vt in eo anima numerat prius et posterius:
706 1726 5808 1854 ita que prius et posterius in motu vt numerata ab anima / sunt ipsum tempus. ¶ Pro
710 1874 5812 1996 hac opinione est illud Commen. Si nulla anima esset / nullum tempus esset. Et ad Aristo.
706 2029 5845 2148 qui negat tempus esse motum / dicunt que verum est quantum esse formale quod habet tempus
712 2179 5845 2298 ab anima: sed non quantum ad esse materiale: immo vt sic / realiter est ipse motus primi
828 2331 5845 2454 mobilis. Hec autem opinio licet videatur probabilis: tamen quia est contra intentio-
734 2479 5776 2608 nem Aristo. et habet in se quandam latentem contradictionem: in hoc que ex vna parte con-
702 2629 5780 2752 cedit tempus esse passionem et mensuram cuiuslibet motus: vt habetur ex iiij. physicorum.
718 2778 5792 2904 Et ideo oportet: que tempus dicat aliquid aperte rei distinctum a motu / etiam seclusa qua
740 2922 5774 3055 cunque anima: et ex alia parte ponit tempus non habere esse aliquid distinctum a motu
716 3072 5782 3203 siue anima. Ideo dico aliter: que seclusa quacunqu anima tempus habet esse reale distin
724 3219 5845 3356 ctum a motu etiam primi mobilis. Et ideo concedo cum Aristo. hanc esse falsam: tempus
706 3375 5792 3504 est motus regularissimus seu primus: propter hoc: quia sicut nulla passio in abstra
718 3533 5804 3652 cto predicatur de sito subiecto quacumque predicatione / sic nec econtra: et etiam propter
718 3679 5768 3808 rationes philosophi: quibus probat tempus non esse motum / sed aliquid motus. Ad
692 3823 5802 3960 auctoritatem autem Commen. dicentis: si nulla anima esset / nullum tempus esset: verum est
894 3973 5774 4110 quantum esse cognitum seu discretum partium eius: sed hoc accidit nature temporis.
944 4127 5845 4262 ¶ Sed restat dubium: Utrum tempus sit aliud a quantitate successiua seu duratione
706 4273 5802 4412 motus primi mobilis: vel est idem que ipsa quantitas qua motus primi mobilis est for
710 4436 5806 4562 maliter quantus et successiuus. Utraque pars videtur probabilis. Que enim alia sit propria
726 4578 5845 4708 quantitas motus quam tempus / expresse dicit Aristo. v. metaphy. et idem videtur tene
722 4733 5694 4862 re Sco. ibidem: et in. ij. dist. ij. q. ij. Alia etiam pars / que quantitas successiua motus non
734 4884 5845 5010 sit alia quam tempus: videtur esse sententia Aristo. in predicamentis: vbi solum tempus
768 5033 5662 5158 ponit quantitatem successiuam: et hoc expresse dicit Scotus. xlviij. dist. iiij. q. ij. his
734 5185 5844 5312 verbis: Tempus non est in motu celi sicut vna quantitas in alia quantitate: quia
718 5337 5654 5468 non est ponere tales duas quantitates in eodem subiecto: quarum vna sit quasi subiectum
784 5469 5864 5620 et altera quasi passio: ergo tempus vltra motum (vt motus includit propriam successio-
718 5642 5840 5771 nem) non addit nisi rationem mensure formaliter. ¶ Ex quo sequitur primo: que ali
722 5778 5855 5915 ter habet se tempus ad motum primi mobilis: et alter ad alios motus. Nam ad
782 5940 5820 6062 motum primi mobilis habet vt passio et mensura: ad alios vero motus solum ha-
750 6091 5830 6210 bet se vt mensura / et non passio: Sicut quantitas vlne habet se ad vlnam / sicut passio
734 6242 5845 6361 et mensura: ad pannum vero habet se solum vt mensura / et nullo modo vt passio. Sequi
744 6382 5876 6514 tur secundo: que siue teneatur que tempus sit idem quod quantitas successiua motus primi
738 6535 5824 6660 mobilis: siue ponatur quantitas motus esse alia ab illa que dicitur tempus: Neu-
756 6665 5865 6812 tro modo quantitas illa est de essentia motus: siue capiatur motus materialiter pro
752 6845 5898 6964 forma scilicet fluente in motu: siue formaliter pro respectu noti ad mouens: qui est in
752 6996 5700 7112 genere passionis. Sicut enim quantitas permanens non est de essentia quanti perma
748 7140 5845 7264 nentis: licet sine ea nunquam sit realiter: sic etiam quantitas successiua motus non est de
734 7293 5726 7420 essentia motus: licet nunquam motus sit sine ipsa. Et hoc est verum accipiendo motum
778 7447 5766 7572 illis predictis duobus modis. Nam si accipiatur motus pro ipso fluxu successiuo / sic ni
752 7577 5900 7724 hil aliud esset quam illa quantitas successiua. Ultimo sequitur: que non oportet multipli
770 7751 5646 7872 care tempora secundum multipicationem motuum: quia tempus vt dictum est / solum est passio et men
780 7897 5845 8025 sura intrinseca motus primi mobilis. Aliorum autem motuum est mensura extrinseca: et ideo
740 8043 5812 8176 Aristo. dicit idem tempus esse in celo / in terra et in mari. ¶ Notandum secundo: sicut prius
784 8209 5536 8326 et posterius in motu causantur a priori et posteriori spacij vel forme in qua est motus: ita prius
786 8373 5654 8494 et posterius temporis causantur a priori et posteriori motus: sicut etiam supra decla-
5890 1859 6444 1990 Utrum tem-
5845 2025 6450 2138 pus distin-
5845 2173 6428 2288 guatur rea-
5845 2325 6442 2440 liter a mo
5874 2487 6066 2600 tu.
5902 3059 6302 3180 Quare
5845 3201 6334 3328 hec est fal
5876 3356 6468 3480 sa: tempus
5852 3500 6448 3632 est motus
5845 4105 6450 4236 Utrum tem
5892 4267 6282 4387 pus distin-
5884 4415 6412 4531 guatur a
5845 4557 6460 4687 quantitate
5908 4715 6448 4834 successi-
5845 4869 6420 4993 ua motus.
5845 7573 6422 7703 Que non
5942 7723 6472 7838 sunt plu-
5845 7879 6480 8003 ra tempora
5892 8033 6114 8147 simul.
