6929 9545
1517 228 4748 710 Tractatus Primus
1283 652 5814 901 proprie pro composito ex materia et forma substa~tiali / vt prius est dictum: et hoc secundo modo
1156 853 6122 1044 solum hic capitur. ¶ Nota secundo que principium rei naturalis est duplex: extrinsecum et
1061 1012 5947 1203 intrinsecum. Extrinsecum est causa que non est pars rei naturalis / vt efficiens et finis.
1161 1145 6133 1346 Intrinsecum principium potest capi dupliciter. Uno modo proprie / pro illo quod est
1135 1320 6212 1500 pars intrinsece et essentialiter componens rem naturalem: et sic sunt tamen duo scilicet materia et for
1114 1463 5952 1654 ma. Alio modo capitur principium intrinsecum pro omni illo quod est intrinsecus terminus
1135 1612 6048 1802 generationis rei naturalis: et sic priuatio cum sit terminus a quo et intrinsecus gene
1114 1765 6149 1956 rationis naturalis etiam est principium rei naturalis intrinsecum: et hic sermo est solum
1124 1903 6027 2105 de principijs intrinsecis: siue sit intrinsecum primo modo. i. quo ad esse: siue secundo
1119 2062 6090 2253 modo. i. quo ad fieri seu generari. Et si dicas: Priuatio est non ens: ergo non po-
1124 2205 6212 2396 test esse principium rei naturalis. Respondeo que verum dicis priuationem non esse princi-
pium rei naturalis quo ad esse seu constitutiuum: sic enim non est principium: sed solum quo
1151 2513 6207 2709 ad fieri: quia nunquam res naturalis generaretur / nisi in materia fuisset priuatio for
1108 2656 6175 2858 me illius rei genite. Dico vlterius que illud quod est non ens / bene potest esse principi
1114 2826 6027 3006 um in ratione principiantis / sed non in ratione causantis. Ideo licet priuatio sit.
1119 2974 6149 3165 principium rei naturalis: non tamen est causa. Si vltra queras: an priuatio sit prin
1114 3133 6106 3303 cipium rei naturalis per se vel per accidens. Dico que est principium per se rei natura-
1151 3266 6127 3462 lis quo ad fieri: cum sit terminus a quo et intrinsecus eius generationis: sed est principi-
um per accidens quo ad esse: quia solum ratione materie cui ipsa priuatio accidit. Ex quibus
1124 3568 6053 3770 concludo hanc conclusionem. Tamen tria sunt principia rei naturalis: intelligendo de prin-
1114 3727 5798 3924 cipijs intrinsecis: siue sint intrinseca quo ad esse et fieri / vt materia et forma: siue
1114 3855 5995 4072 quo ad fieri tamen / vt priuatio. Et exponendo conclusionem gratia pluralitatis et non alie-
1103 4019 6111 4210 tatis: ad hunc sensum que sint specie distincta secundum rationes principiandi. ¶ Pro quo
1087 4178 6175 4358 noto tertio que principia distingui specifice potest intelligi dupliciter. Uno modo
1119 4311 6117 4512 per distinctionem sumptam a differentijs essentialibus specierum: et sic forma hominis et eque
1135 4464 6085 4671 specifice distinguuntur. Alio modo per distinctionem sumptam a ratione formali princi-
1114 4613 6016 4820 piandi: et sic capitur hic. Unde ratio principiandi materie est principiare per modum
1098 4767 5979 4974 subiecti: et forme per modum terminantis transmutationem et informantis materiam: prius
1108 4931 6058 5117 tionis vero per modum termini a quo que abijcitur in motu. ¶ Nota quarto que in qua-
1130 5058 6159 5270 libet transmutatione naturali sunt duo termini: scilicet terminus a quo terminus ad
1103 5228 6064 5414 quem. Unde illud quod in aliqua transmutatione acquiritur / est terminus ad quem
1114 5382 5915 5573 scilicet terminatur transmutatio: et illud quod in transmutatione deperditur seu abijcitur / di
citur terminus a quo: et hi duo termini sunt incompassibiles in eodem: et propter hoc
1082 5673 5639 5870 dicuntur contrarij / capiendo contrarietatem large secundum Commen. vt se extendit etiam ad prius
1092 5817 5942 6018 tiue opposita: vnde quia priuatio et forma sunt termini transmutationis naturalis:
1098 5976 6154 6172 ideo priuatio et forma inter se sunt contraria: materia vero nec priuationi nec forme
1124 6119 5846 6326 contrariatur: sed ipsa eadem que fuit sub priuatione ante transmutationem / post trans
mutationem est sub forma. ¶ Nota vltimo que conditiones primorum principiorum secundum
1066 6437 5724 6633 Aristote. primo physico. sunt tres. Prima que non fiant ex alijs: quia alias non essent
1066 6586 6058 6787 prima seu principia: secunda que non fiant ex alterutris: ita que vnum non componat aliud
1098 6734 6127 6920 qe hec conditio patet ex hoc: quia sunt contraria: et tertia que omnia alia fiant ex ipsis.
1071 6872 5438 7063 Item dices: quomodo principia non fiunt ex alterutris cum sint contraria: vnum asit contrarium
1087 7020 5889 7222 fit ex alio contrario vel ex medio inter illa contraria: vt dicitur primo physi. vt genera
tio calidi fit ex frigido vel tepido: Respondeo que aliqua fieri ex alio quantum sufficit
1098 7323 6021 7545 ad propositum / potest intelligi quadrupliciter. Uno modo effectiue: vt li ex denotat
1082 7487 6042 7673 causam efficientem: secundo integratiue / vt denotat partem integralem seu essentialem: et
1098 7636 6053 7826 his duobus modis principia non fiunt ex se inuicem: vnum enim principium non est causa
1098 7784 6096 7985 efficiens alterius nec pars eius. Tertio subiectiue: prout li ex denotat subiectum in
1103 7938 6037 8139 quo vel ex quo fit illud quod fit: et sic principia contraria. i. priuatio et forma ex ma
1082 8086 6170 8282 teria tam quam ex subiecto quod presupponunt. Quarto modo li ex potest denotare terminum
1071 8235 5411 8590 a quo distinctum a subiecto: et sic vnum contrarium fit ex alior videlicet forma ex priua-
498 758 997 1039 Principi
456 1002 1066 1193 um rei na
461 1150 870 1336 turalis
461 1309 1039 1516 multipex.
445 2004 1002 2243 Dubium
Dubium
435 3494 891 3786 Conclusio
450 4077 960 4311 Distinctio
456 4268 1023 4486 principiorum
472 4427 949 4624 specifica.
435 4814 1023 5064 Duo ter-
450 5032 992 5212 mini cu-
440 5180 912 5366 iuslibet
440 5334 954 5525 transmu-
440 5483 981 5695 tationis.
450 6220 976 6469 Tres con
456 6426 1066 6612 ditiones
450 6570 1066 6808 principio
440 6734 705 6936 rum.
488 7095 1066 7370 Fieri ali-
445 7312 901 7508 quid ex
alio con-
413 7620 986 7810 tingit qua-
440 7752 960 8023 drupliciter
