6908 9570
2031 223 5472 669 Tractatus Primus
1159 611 5855 855 cum in nunc eternitatis: inquantum illud coexistebat tempori / presenti. Et ex hic pa-
1191 818 6104 1010 tet: que cum illud nunc vere coexistat cuilibet differentie temporis / vere dicimus de deo dif
1201 967 5860 1159 ferentias omnium temporum. Secunda mensura est euum: vnde angelus et omnis substan
1185 1121 6158 1323 tia creata / et omnis operatio interior angeli / et generaliter omne ens permanens /
1159 1281 6035 1467 cuius totum esse potest simul acquiri / mensuratur euo. Euum autem non est aliud quam existen
1169 1414 6253 1605 tia rei permanentis / connotando ipsam coexistere tempori vero vel imaginaris. Et illud
1191 1573 5886 1759 quod mensuratur euo / vocatur euiternum / vt angelus: illud vero quod est mensura
1201 1727 6179 1903 eius durationis / dicitur euum: quod non est aliud quam existentia eiusdem. Et si queras:
1191 1860 6243 2052 Utrum omnium euiternorum sit vnum euum / vel tot sunt eua quot euiterna. Respondetur proba
1201 2004 6120 2211 biliter secundum Sco. ij. dist. ij. q. iij. que si per euum intelligatur actualis existentia cuiuscun-
1260 2158 6200 2381 que euiterni: sic tot erunt qua quot euiterna. Si vero nomine eui intelligatur existe-
1191 2318 6152 2514 tia illius quod est simplicius inter euiterna / qua cognita nata est certificare de alijs:
1185 2466 6285 2668 sic est tamen vnum euum / scilicet existentia primi angeli respectu omnium euiternorum. Lege plu
1185 2626 6089 2823 ra apud Sco. vbi supra. Illud etiam sciendum est: que euum non est mensura ex natura rei
1196 2764 6338 2956 neque illius cui est intrinsecum / neque aliquorum aliorum / si ponatur tamen vnum euum: quia il
1207 2913 6323 3104 lud quod est mensura ex natura rei debet esse notius naturaliter / et aliud ab ipso men
1201 3067 6179 3264 surato: sed in existentia angeli aut aliorum euiternorum nihil est tale: quia vt iam dictum
1201 3211 6365 3402 est / euum angeli nihil aliud est ab existentia angeli. Item non est de ratione eui vt sit
1185 3365 6338 3578 duratio / principium habens sine fine: vt plerique sentiunt: siue enim existentia angeli
1207 3524 6221 3711 habeat finem sicut habet principium / siue neutrum habeat: nihil minus dicitur euum
1217 3668 5780 3875 sicut et existentia aliorum permanentium que habent principium et finem. Tertia mensu-
1217 3817 5886 4024 ra est tempus: quod primo habet mensurare motum et omnes actiones successiuas:
1201 3971 6184 4173 entia vero permanentia non mensurat / nisi per accidens. i. inquantum subiecta sunt mo
1212 4125 6307 4322 tui. Mensurat etiam tempus quietem: vt dictum est in capitulo de quiete: sed so-
1217 4274 6323 4466 lum per accidens et priuatiue: vnde sicut si esset spacium vacuum / mensuraretur eisdem
1201 4428 6003 4614 dimensionibus priuatiue / quibus mensuratur plenum positiue (vacuum enim si esset
1201 4572 6307 4763 non haberet dimensiones positiuas / sed solum potentiales) ita in proposito quies
1223 4737 6323 4917 mensuratur eodem tempore priuatiue quo motus mensuratur positiue. Unde sicut
1244 4870 5945 5082 non potest aliquid moueri in instanti (vt supra dictum est) ita nec quiescere. Cuius
ratio secundum philosophum est ista: quia moueri est aliter se nunc habere quam prius: et hoc
1228 5178 5621 5380 aut secundum locum / aut secundum quantitatem / aut secundum qualitatem: quiescere vero est similiter se
1223 5321 6280 5529 habere nunc sicut prius: sed instanti non est aliquod prius vel posterius / sed so-
1217 5470 6147 5678 lum in tempore: ergo etc. Ultima mensura vocatur instans: que primo habet mensurare mutata
1223 5635 6152 5816 esse: hoc est indiuisibilia copulatiua et terminantia partes motus: et mutationes instan
1217 5779 6195 5959 taneas / sicut generationes et corruptiones: et per accidens mutabilia: inquantum scilicet habent esse
1217 5922 6280 6167 sub mutato esse vel mutatione instantanea: de quo magis patebis in capitulo de nunc.
1217 6268 5599 6619 Tempus etiam est motus quidam regularissimus numeramus
1180 6714 4403 7060 ab ipsa anima secundum prius et posterius.
1294 7075 2387 7373 Ponitur
2435 7007 5690 7241 secunda diffinitio temporis. Ad cuius declarationem notandum est
1313 7108 5871 7406 primo: que regularitas motus ex alio sumitur quam vniformitas. Nam
1244 7352 6046 7544 regularitas motus sumitur ex hoc que mobile eque velociter mouetur pro qualibet
1201 7507 5929 7693 parte temporis. Uniformitas vero ex eo que mobile eque velociter mouetur in omnibus
1180 7661 5977 7852 suis partibus. Ex quo patet: que potest motus vniformis qui non est regularis
et econtra. Primum patet: quia motus lapidis deorsum est vniformis: quia omnes eius
1212 7975 6301 8150 partes eque velociter mouentur. Secundum patet de motu celi: que licet non sit vniformis (quia partes
1175 8129 6317 8309 celi circa polos tardius mouentur quam partes celi circa zodiacum: Nam partes celi pro-
1212 8256 5551 8559 pinque polo minorem circulum deseribunt / quam ille sunt circa zodiacum / in equa
583 970 1129 1152 Euum
505 3689 1079 4030 Tempus
505 4030 1095 4301 Quomodo quies
526 4237 1095 4434 mensuratur
526 4380 1079 4620 tempore.
521 4816 1036 5061 Quare in
579 5002 1100 5199 instanti non
558 5157 1106 5353 et motus
526 5321 1111 5566 neque quietes.
627 5481 1116 5742 Instans.
499 6730 1036 7044 Differunt
494 6996 1068 7182 regulari-
499 7140 1100 7337 tas et vni
499 7283 1063 7480 formitas
531 7448 994 7788 motus.
