6937 9579
1133 250 5877 734 Paruuli philosophie natura. Fo. XV
755 649 5877 899 superior est perfectior. In accide~taliter ordinatis non hec secunda differentia sequitur
692 835 5818 1043 ex prima: nam nulla causa dependet essentialiter in causando a causa eiusdem rati
708 1000 5834 1176 onis: quia secundum Philosophum. iij. meta. concordantem in hoc cum Platone: in his que
729 1138 5803 1351 sunt eiusdem speciei / non est prius et posterius essentialiter. Et hoc etiam vult Scotus
697 1282 5803 1490 iiij. q.q. Sed in causis essentialiter ordinatis posterior depe~det essentialiter in cau
782 1442 5803 1655 sando a priore: in per accidens vero non: ergo etcetera. Tertia differentia: Omnes cause
718 1601 5792 1804 per se et essentialiter ordinate simul necessario requiruntur ad causandum: alioquin
686 1734 5797 1942 aliqua per se causalitas deesset effectui. In accidentaliter vero ordinatis non requi
803 1889 5765 2086 ritur simultas in causando. Hec autem tertia differentia solum vera est secundum intentio-
708 2038 5760 2245 nem philosophorum: qui imaginati sunt primam causam nihil agere in his inferioribus
729 2192 5792 2384 sine cause secunda: licet secundum veritatem aliter sit. Potest enim deus qui est prima causa
718 2336 5818 2554 simpliciter / supplere vicem cuiuslibet cause extrinsece. Quod ideo additur: nam cause
713 2490 5787 2687 intrinsece habent sibi annexam imperfectionem: quia sunt partes illius rei cuius
713 2650 4759 2879 sunt cause: et ideo deus non supplet vicem causarum intrinsecarum.
4892 8486 5256 8594 C 3
5914 1899 6463 2139 Utrum prim
5893 2096 6473 2293 ma causa
5920 2251 6479 2442 possit age
5909 2389 6479 2607 re sine se-
5893 2543 6362 2767 cunda.
766 3022 5808 3384 Item aliquid est causa alicuius in actu: aliud vero in poten-
670 3443 952 3773 tia.
735 3788 1487 4001 T
1879 3655 5834 3927 combinatio causarum est: que quedam est causa in actu. s. causandi / vt
857 3794 5797 4092 domificans: quedam in potentia. s. causandi / vt domificator non
681 4028 5808 4214 domificans. Et additur vtrique membro / causandi: quia hic est sermo de potentia re
724 4177 5765 4385 spectu actus secundi / qui est operatio: et non de potentia respectu actus primi / que est for
734 4321 5723 4523 ma mediante qua agens operatur. Et ideo homo non domificans / nec habens artem domificandi
708 4480 5723 4677 non dicitur esse causa domus nec in actu nec in potentia: vt hic capitur potentia. ¶ Ponit
681 4640 5733 4832 autem Aristo. differentiam inter causam in actu et causam in potentia: per hoc que causa in
692 4789 5765 4981 actu simul est et non est cum suo effectu in actu / et non causa in potentia. Hanc differen-
676 4943 5760 5124 tiam exponens Egidius Romanus circa. ij. physicorum dicit: que causa efficiens per
697 5092 5675 5279 motum habet duplicem effectum. Unum immediatum. s. ipsum fieri: alium mediatum. s. factum
660 5231 5781 5438 esse. Et hanc differentiam dicit esse veram de causa in actu et de effectu immediato. s.
697 5390 5803 5582 de ipso fieri: et non de effectu mediato. s. de facto esse. Nam quando causa est in actu
tunc mouet: et quando mouet / tunc fieri est in mobili: factum autem esse non habetur quam
diu causa mouet: vt quando domificator domificat: tunc domus fit / sed non est: et
713 5832 5803 6029 ideo bene sequitur: domificans est: ergo factio domus est: vel domus fit: et econtra.
676 5986 5739 6178 Hec opinio licet sit probabilis: tamen Scoto non placet: et ideo ipsa reprobata ali-
708 6135 5765 6338 ter respondet ipse. v. meta. q. ij. que hec differentia est intelligenda non de respectibus
692 6290 5755 6481 quibus referuntur adinuicem causa et effectus / sicut correlatiua: que simul sunt et non
692 6433 5664 6636 sunt: vt dicitur in predicamentis: quia etiam causa in potentia et effectus eius simul sunt
729 6593 5765 6785 et non sunt: cum hec sint eque correlatiua / sicut causa in actu et eius effectus. Nec in-
692 6737 5792 6939 telligenda est de fundamentis illorum respectuum absolute: et sic neutrobique simul ne
686 6886 5797 7093 cessario sunt in actu: nec necessario simul in potentia: non enim sequitur que si fundamen
681 7040 5813 7226 tum cause in actu existat / que fundamentum effectus in actu existat. Sed intelligitur de
708 7184 5803 7375 fundamentis actu existentibus sub relationibus comparatis ad existentiam. Nam si fun
670 7333 5771 7524 damentum cause in actu existit sub relatione in actu / fundamentum relationis effectus
905 7482 5803 7673 existit sub relatione in actu: et hoc accipiendo illam effectum cuius est illa causa in actu:
697 7631 5765 7838 nam dum efficiens mouet / non est causa in actu nisi ipsius fieri vsque vltimum instans: in que
702 7790 5787 7982 terminatur motus in quo est causa in actu facti esse. Unde si causa est in actu in fieri
692 7939 5733 8136 simul erit effectus in fieri: sed si causa in actu est in facto esse / erit simul effectus in
697 8083 5627 8291 facto esse. Non sic autem est de causa in potentia et eius effectu: vt patet. ¶ Quarta
745 8227 5797 8578 combinatio (quam noster hic autor omisit) est hec: Causarum quedam est in incomplexa-
5893 4049 6431 4337 Differen-
5893 4294 6409 4464 tia inter
5909 4416 6489 4645 causam in
5872 4587 6425 4794 actu et cau
5872 4736 6479 5028 sam in po
5872 4895 6319 5156 tentia.
