6962 9587
1214 271 5848 692 Paruuli philoso. natu. Foł. XXXV
777 676 5864 894 actionem mutuam contrariorum in se: vel propter actionem intensam vnius intrinseci
745 868 5843 1054 in aliud: et hic modo accidit corruptio naturalis inanimatis: non propter actionem ele
809 1001 5736 1209 menti in elementum / vel propter aliquam qualitatem elementarem actiuam vel passiuam:
772 1177 5800 1358 quia nec clementa nec eorum qualitates manent in mixto: vt dicetur in sequenti tra-
772 1310 5683 1507 ctatu / capitulo de mixtione: Sed propter actionem vnius partis organici in aliam
788 1459 5790 1661 partem corrumpendo ipsam: vt corpus fiat indispositum et inhabile ad animationem.
825 1619 5838 1810 Ista autem ponitur actio caloris naturalis in humidum radicale / corrumpen-
793 1757 5806 1975 tis et consumentis humidum: ad cuius corruptionem vel consumptionem sequi-
751 1906 5822 2130 tur corruptio ipsius caloris naturalis / et per consequens animalis: vt patet de igne
756 2055 5832 2263 et oleo in lampade: et de hoc plus dicetur in tractatu sequenti / capi. de augmentatione.
772 2215 5827 2412 Alia causa intrinseca corruptionis est subtractio alimenti vel homini: vt patet. Cau-
783 2354 5790 2561 sa etiam extrinseca corruptionis est duplex. Prima propter dispositionem contrariam conti
756 2503 5827 2716 nentis. Secunda propter violentiam illatam ab aliquo extrinseco. Ex prima causa fit triplici
772 2657 5774 2870 ter corruptio. Primo / quando continens directe corrumpit contentum: vt ignis corpus quod con
756 2817 5806 3035 tinet. Secundo / quando continens non directe corrumpit: sed prohibet illud quod est necessarium
783 2961 5832 3163 vt aqua corrumpit animal: et prohibet respirationem. Et ista sunt cito corrumpentia
777 3126 5907 3323 Tertio / quando continens non cito corrumpit: vt aer intemperate regionis. Materia
745 3264 5784 3509 autem qua res potest esse et non esse (vij. meta.) et priuatio que semper machinatur in
772 3414 5907 3643 maleficium forme (j. physi) sunt cause corruptibilitatis in potentia remota: propter
761 3568 5822 3765 quam causam Theologi ponentes in celo materiam eiusdem rationis cum materia horum
783 3706 5656 3920 inferiorum / dicunt celum vt sic esse corruptibile in potentia remota: sicut dictum est in
751 3866 5827 4074 capitulo de priuatione. ¶ Ultimo notandum que aliquid potest esse causa corruptio
761 4015 5603 4223 nis vel generationis tripliciter. Primo modo illud quod transmutat passum pas
841 4180 5699 4367 sum: vt ignis qui naturaliter corrumpit in passo approximato formam contrariam
825 4303 5800 4516 sibi: et generat similem. Alio modo / quia applicat trasmutans: sicut homo dicitur com-
761 4463 5832 4660 burere domum que applicat ignem domui. Hoc etiam modo motus solis in zodiaco est cau-
772 4601 5859 4814 sa generationis et corruptionis in istis inferioribus secundum philosophum. ij. de generatio-
777 4756 5790 4974 ne: quia adducit et reducit generans / scilicet ipsum solem. Tertio modo aliquid dicitur esse
756 4916 5742 5123 causa corruptionis / et est illud in quo continuatur applicatio contrarij et ipsa transmutatio
745 5070 5289 5310 a contrario: et dic tepis est causa corruptionis: vt iam prius declaratum est.
1299 5358 5678 5730 Secundus tractatus paruuli phi
1518 5672 5294 5970 losophię / libris de generatione et corruptione
2066 5890 4415 6183 Aristotelis correspondens.
666 6298 2205 7456 E
2279 6284 5859 6620 Lementum dicitur multis modis. Uno mo
2301 6742 5891 7089 do quod est principium artis complexum: vt omne
2295 7190 5880 7531 totum est maius sua parte. Secundo dicitur ele
804 7637 5896 7994 mentum quod est principium cuiuslibet in qualibet specie: et sic lit
836 8101 5752 8543 terę dicuntur principia vocis. Tertio dicitur elementum princi
5007 8427 5446 8570 F 5
5923 2183 6386 2450 Extrinse-
5928 2412 6445 2593 ca causa
5917 2545 6493 2753 corrupti-
5965 2721 6237 2908 onis.
5901 3003 6509 3291 Quomodo ma
5933 3238 6370 3419 teria et pri
5907 3371 6477 3573 uatio sunt
5933 3547 6503 3728 cause cor-
5928 3696 6503 3882 ruptionis.
5939 3888 6519 4111 Tripliciter
5912 4058 6455 4266 aliquid di-
5901 4212 6471 4410 citur causa
5971 4362 6439 4569 generationis
5965 4521 6514 4708 vel corru
5933 4660 6471 4958 ptionis.
Elementa
5901 6497 6322 6710 acception-
5944 6636 6253 6955 nes.
