6941 9575
998 570 5917 707 Paruuli philosophie natu. Fo. V
928 825 5662 949 quandoque capitur pro principio actiuo: et quandoque pro principio passiuo motus: vt dictum
990 970 5917 1103 est circa diffinitionem et acceptionem nature. Ideo etiam naturalia possunt dupliciter di
840 1120 5917 1259 stringui ab atrificialibus: vt vult Scotus. xviij. di. ij. Primo ex parte principij actiui:
824 1266 5917 1408 nam agentia naturalia ex necessitate sic agunt determinate: vno modo que non possunt
998 1422 5844 1551 aliter agere. Agentia vero artificalia quia aguntur a proposito / possunt sic et aliter age
826 1572 5840 1699 re vt ipsis placet: secundo differunt ex parte principij passiui: quia naturalia habent
820 1718 5822 1851 in se principium passiuum inclinans ipsa in hoc vt sic moneantur: artificialia autem
824 1866 5856 1999 non habent homini principium inclinatiuum ad talem incisionem vel erectionem: vt
860 2022 5838 2146 patet in edificijs: vnde artificialia si mouentur ad talem formam contra inclinationem na-
816 2170 5858 2302 turalem materie in qua fiunt / mouentur violenter: si vero talis forma artificialis non
792 2318 5828 2453 sit contra inclinationem / mouentur ad eam motu neutrali. Ex quibus omnibus concluditur que
824 2471 5844 2598 ad motum naturalem non requiritur que mouens sit intrinsecum mobili: sed sufficit natura
830 2619 5838 2748 lis inclinatio in mobili ad recipiendam illam formam ad quam mouetur. Unde posito
870 2769 5828 2905 que graure non habeat in se principium actiuum motus deorsum: adhuc moueretur natura-
806 2922 3830 3053 liter deorsum propter solam naturalem inclinationem.
5917 998 6422 1121 Duplex
5917 1148 6494 1281 distinctio
5917 1297 6208 1419 naturalis
5970 1470 6238 1590 ab artifici
5958 1624 6398 1741 alibus.
5968 2375 6500 2496 Quid suf
6000 2531 6426 2647 ficit ad
6004 2681 6454 2795 motum na
5936 2836 6496 2959 turalem.
980 3335 5917 3483 Sunt autem tria principia rerum naturalium. s. materia: et duo con
824 3791 5917 3937 traria. s. priuatio et forma: quod sic patet. In omni eo quod fit secundum
1066 4242 5842 4369 naturam / oportet aliquid subijci / quod ad illud quod fit / est in poten
810 4694 5862 4817 tia. Per hoc quod dico aliquid subijci / tango materiam: et per hoc quod dico
848 5134 5888 5257 fit / tango formam: et per hoc dico est in potentia / tango priuationem.
5917 3314 6544 3446 De princi
5954 3465 6498 3606 pijs rerum
6042 3621 6370 3732 naturali-
5917 3786 6158 3902 um.
804 5357 1823 5617 Postquam
1750 5346 5832 5469 auctor determinauit de principio communi et adequatio omnibus re-
1798 5490 5880 5617 bus naturalibus scilicet de natura: nunc incipit determinare de princi-
777 5652 5844 5765 pijs quodammodo specialioribus scilicet de materia forma et priuatione: de quibus etiam
810 5801 5846 5926 dicitur ipsa natura: et primo in generali / secundo in speciali: et illud totum acceptum est
802 5948 5908 6078 ex primo physicorum. Primo itaque auctor ostendit tria esse principia transmutationis
942 6092 5754 6212 rerum naturalium: scilicet materiam que subiectum transmutationis: et duo contraria / que sunt
824 6244 5892 6363 termini illius transmutationis / scilicet formam et priuationem. Et hoc ostendit per hanc ma
1140 6390 5700 6506 ximam: in omni transmutatione naturali oportet esse aliquid quod subijciatur illi trans
936 6540 5896 6656 mutationi seu quod transmutatur (nam ex nihilo nihil fit secundum naturam) hoc autem est ma
862 6690 5870 6809 teria: oportet etiam esse aliquid quod in tali transmutatione acquiritur: et hoc est forma. Ad
832 6840 5816 6958 hanc autem formam non potest materia transmutari / nisi sit ad eam in potentia: ita que care
810 6990 5818 7110 at illa et sit apta eandem recipere: et hoc est priuatior que simul includit carentiam forme
840 7142 5876 7257 in subiecto cum aptitudine ad illam: vt infra dicetur: et exempli gratia capiatur transmuta
1228 7288 5890 7409 tio animalis ex egritudine in sanitatem: ibi subiectum quod transmutatur / est animal: ter-
826 7438 5658 7559 minus ad quem terminatur et qui acquiritur / est sanitas: cuius contrarium
796 7594 5864 7709 est egritudo: in qua priuatio sanitatis saluatur a qua incipit illa transmutatio ad
1296 7740 5917 7870 sanitatem. ¶ Ad declarationem horum nota primo que res naturalis potest capi dupliciter.
804 7881 6526 8112 Uno modo communiter: et sic principa rei naturalis vt materia et forma / possunt di
776 8042 5678 8165 ci res naturales: similiter passiones et operationes naturales: vt motus / quies et cetera.
802 8181 5917 8312 qt generaliter omne ens. pro ducibile virtute agentis naturalis mediante motu et trans
792 8329 5917 8481 mutatione vt accidentia / potest dici hoc modo res naturalis. Alio modo res capitur
5174 8524 5278 8647 A 5
5994 7833 6494 7953 Res na-
5965 7980 6502 8073 turalis ca
5917 8146 6518 8277 pitur du-
5917 8300 6412 8440 pliciter
