<?xml version="1.0" encoding="UTF-8" standalone="no"?><PcGts xmlns:xsi="http://www.w3.org/2001/XMLSchema-instance" xsi:schemaLocation="http://schema.primaresearch.org/PAGE/gts/pagecontent/2019-07-15 http://schema.primaresearch.org/PAGE/gts/pagecontent/2019-07-15/pagecontent.xsd" xmlns="http://schema.primaresearch.org/PAGE/gts/pagecontent/2019-07-15"><Metadata><Creator>prov=University of Rostock/Institute of Mathematics/CITlab|PLANET AI GmbH/Tobias Gruening/tobias.gruening@planet-ai.de:name=/net_tf/LA73_249_0mod360.pb:de.uros.citlab.segmentation.CITlab_LA_ML:v=2.6.7
Transkribus</Creator><Created>2022-05-16T13:42:26</Created><LastChange>2022-12-21T18:14:53</LastChange><Comments>
                Measurement unit: pixel
                PrimaryLanguage: 
                Producer: Transkribus
            </Comments></Metadata><Page imageFilename="16526980418888bsb10981020-0005.jpg" imageHeight="9575" imageWidth="6995"><ReadingOrder><OrderedGroup caption="Regions reading order" id="ro_1671642893572"><RegionRefIndexed index="0" regionRef="TextRegion_1653146293626_228"/><RegionRefIndexed index="1" regionRef="TextRegion_1653146276498_214"/><RegionRefIndexed index="2" regionRef="TextRegion_1653146280704_219"/><RegionRefIndexed index="3" regionRef="TextRegion_1653146293626_227"/></OrderedGroup></ReadingOrder><TextRegion custom="readingOrder {index:0;} structure {type:header;}" id="TextRegion_1653146293626_228" orientation="0.0" type="header"><Coords points="1070,456 6256,456 6256,600 1070,600"/><TextLine custom="readingOrder {index:0;}" id="line_1653146683353_245"><Coords points="1946,472 3049,462 4677,456 4886,456 4939,458 5044,464 5044,575 4205,583 2375,593 2191,593 2129,592 2007,587 1946,583"/><Baseline points="1946,546 2007,550 2068,552 2129,555 2191,556 2252,556 2313,556 2375,556 2436,554 2497,552 2559,552 2620,548 2681,546 2742,544 2804,542 2865,541 2926,539 2988,537 3049,536 3110,536 3172,536 3996,544 4048,546 4100,546 4153,546 4205,546 4258,545 4310,544 4362,541 4415,540 4467,538 4520,536 4572,534 4624,532 4677,530 4729,530 4782,530 4834,530 4886,530 4939,532 4991,535 5044,538"/><TextEquiv><Unicode>Tractatus Primus</Unicode></TextEquiv></TextLine><TextEquiv><Unicode>Tractatus Primus</Unicode></TextEquiv></TextRegion><TextRegion custom="readingOrder {index:1;} structure {type:margin;}" id="TextRegion_1653146276498_214" orientation="0.0"><Coords points="372,1188 984,1188 984,2131 372,2131"/><TextLine custom="readingOrder {index:0;}" id="r1l1"><Coords points="357,1314 580,1299 607,1299 633,1300 660,1301 686,1301 713,1301 739,1303 766,1303 792,1303 819,1304 845,1305 872,1305 872,1194 845,1194 819,1193 792,1192 766,1192 739,1192 713,1190 686,1190 660,1190 633,1189 607,1188 580,1188 357,1203"/><Baseline points="554,1262 580,1262 607,1262 633,1263 660,1264 686,1264 713,1264 739,1266 766,1266 792,1266 819,1267 845,1268 872,1268"/><TextEquiv><Unicode>Diffini-</Unicode></TextEquiv></TextLine><TextLine custom="readingOrder {index:1;}" id="r1l2"><Coords points="386,1463 491,1463 517,1464 543,1464 568,1465 594,1465 620,1463 646,1463 671,1462 697,1460 723,1459 749,1459 774,1459 800,1459 826,1459 932,1451 932,1340 826,1348 800,1348 774,1348 749,1348 723,1348 697,1349 671,1351 646,1352 620,1352 594,1354 568,1354 543,1353 517,1353 491,1352 386,1352"/><Baseline points="466,1426 491,1426 517,1427 543,1427 568,1428 594,1428 620,1426 646,1426 671,1425 697,1423 723,1422 749,1422 774,1422 800,1422 826,1422 852,1424"/><TextEquiv><Unicode>tio subie-</Unicode></TextEquiv></TextLine><TextLine custom="readingOrder {index:2;}" id="r1l3"><Coords points="372,1618 398,1616 424,1616 450,1616 476,1616 502,1616 528,1615 554,1614 580,1614 606,1614 632,1614 658,1614 684,1614 710,1614 985,1589 985,1481 710,1506 684,1506 658,1506 632,1506 606,1506 580,1506 554,1506 528,1507 502,1508 476,1508 450,1508 424,1508 398,1508 372,1510"/><Baseline points="372,1582 398,1580 424,1580 450,1580 476,1580 502,1580 528,1579 554,1578 580,1578 606,1578 632,1578 658,1578 684,1578 710,1578 736,1578"/><TextEquiv><Unicode>cti. primi.</Unicode></TextEquiv></TextLine><TextLine custom="readingOrder {index:3;}" id="line_1653146707393_254"><Coords points="416,1657 442,1653 969,1627 969,1735 672,1764 416,1766"/><Baseline points="416,1730 442,1726 636,1726 672,1728 708,1724"/><TextEquiv><Unicode>Continen-</Unicode></TextEquiv></TextLine><TextLine custom="readingOrder {index:4;}" id="r1l6"><Coords points="404,1912 430,1912 457,1912 483,1912 510,1912 536,1912 563,1910 589,1910 616,1910 642,1910 669,1910 695,1908 722,1906 748,1905 775,1903 801,1901 969,1895 969,1787 801,1793 775,1795 748,1797 722,1798 695,1800 669,1802 642,1802 616,1802 589,1802 563,1802 536,1804 510,1804 483,1804 457,1804 430,1804 404,1804"/><Baseline points="404,1876 430,1876 457,1876 483,1876 510,1876 536,1876 563,1874 589,1874 616,1874 642,1874 669,1874 695,1872 722,1870 748,1869 775,1867 801,1865 828,1864"/><TextEquiv><Unicode>tia multi-</Unicode></TextEquiv></TextLine><TextLine custom="readingOrder {index:5;}" id="r1l7"><Coords points="418,2073 444,2075 471,2075 498,2075 525,2073 552,2071 578,2071 605,2071 632,2072 659,2075 686,2079 686,1968 659,1964 632,1961 605,1960 578,1960 552,1960 525,1962 498,1964 471,1964 444,1964 418,1962"/><Baseline points="418,2036 444,2038 471,2038 498,2038 525,2036 552,2034 578,2034 605,2034 632,2035 659,2038 686,2042"/><TextEquiv><Unicode>plex.</Unicode></TextEquiv></TextLine><TextEquiv><Unicode>Diffini-
tio subie-
cti. primi.
Continen-
tia multi-
plex.</Unicode></TextEquiv></TextRegion><TextRegion custom="readingOrder {index:2;} structure {type:margin;}" id="TextRegion_1653146280704_219" orientation="0.0"><Coords points="372,4022 984,4022 984,5135 372,5135"/><TextLine custom="readingOrder {index:0;}" id="r1l8"><Coords points="464,4368 489,4370 514,4371 539,4372 565,4374 590,4374 615,4373 640,4372 666,4372 691,4371 716,4369 741,4368 767,4366 792,4366 817,4365 842,4365 975,4352 975,4243 842,4256 817,4256 792,4257 767,4257 741,4259 716,4260 691,4262 666,4263 640,4263 615,4264 590,4265 565,4265 539,4263 514,4262 489,4261 464,4259"/><Baseline points="464,4332 489,4334 514,4335 539,4336 565,4338 590,4338 615,4337 640,4336 666,4336 691,4335 716,4333 741,4332 767,4330 792,4330 817,4329 842,4329 868,4328"/><TextEquiv><Unicode>Quid sit</Unicode></TextEquiv></TextLine><TextLine custom="readingOrder {index:1;}" id="r1l9"><Coords points="458,4522 483,4524 509,4524 534,4524 560,4523 586,4523 611,4522 637,4520 663,4519 688,4518 714,4517 740,4516 765,4516 791,4515 817,4514 842,4512 868,4512 974,4506 974,4398 868,4404 842,4404 817,4406 791,4407 765,4408 740,4408 714,4409 688,4410 663,4411 637,4412 611,4414 586,4415 560,4415 534,4416 509,4416 483,4416 458,4414"/><Baseline points="458,4486 483,4488 509,4488 534,4488 560,4487 586,4487 611,4486 637,4484 663,4483 688,4482 714,4481 740,4480 765,4480 791,4479 817,4478 842,4476 868,4476 894,4474"/><TextEquiv><Unicode>subiectum</Unicode></TextEquiv></TextLine><TextLine custom="readingOrder {index:2;}" id="r1l10"><Coords points="458,4668 487,4670 517,4672 546,4674 576,4674 958,4650 958,4542 576,4566 546,4566 517,4564 487,4562 458,4560"/><Baseline points="458,4632 487,4634 517,4636 546,4638 576,4638 606,4636"/><TextEquiv><Unicode>primum in to-</Unicode></TextEquiv></TextLine><TextLine custom="readingOrder {index:3;}" id="line_1653146833440_278"><Coords points="476,4714 863,4709 951,4699 951,4808 536,4830 446,4828 446,4720"/><Baseline points="446,4792 476,4786 506,4790 536,4794 566,4788 730,4788 756,4786 783,4786 810,4785 836,4784 863,4782 890,4784"/><TextEquiv><Unicode>ta philo-</Unicode></TextEquiv></TextLine><TextLine custom="readingOrder {index:4;}" id="r1l13"><Coords points="416,4971 444,4973 472,4973 501,4973 529,4973 558,4973 586,4973 614,4973 643,4972 671,4971 700,4971 728,4971 756,4971 785,4970 813,4969 842,4969 870,4970 898,4971 927,4972 955,4974 984,4975 984,4869 955,4868 927,4866 898,4865 870,4864 842,4863 813,4863 785,4864 756,4865 728,4865 700,4865 671,4865 643,4866 614,4867 586,4867 558,4867 529,4867 501,4867 472,4867 444,4867 416,4865"/><Baseline points="416,4936 444,4938 472,4938 501,4938 529,4938 558,4938 586,4938 614,4938 643,4937 671,4936 700,4936 728,4936 756,4936 785,4935 813,4934 842,4934 870,4935 898,4936 927,4937 955,4939 984,4940"/><TextEquiv><Unicode>sophia na</Unicode></TextEquiv></TextLine><TextLine custom="readingOrder {index:5;}" id="r1l14"><Coords points="414,5135 442,5131 470,5128 498,5128 527,5129 555,5130 583,5131 811,5111 811,5000 583,5020 555,5019 527,5018 498,5017 470,5017 442,5020 414,5024"/><Baseline points="414,5098 442,5094 470,5091 498,5091 527,5092 555,5093 583,5094 612,5092"/><TextEquiv><Unicode>turali.</Unicode></TextEquiv></TextLine><TextEquiv><Unicode>Quid sit
subiectum
primum in to-
ta philo-
sophia na
turali.</Unicode></TextEquiv></TextRegion><TextRegion custom="readingOrder {index:3;} structure {type:paragraph;}" id="TextRegion_1653146293626_227" orientation="0.0" type="paragraph"><Coords points="1070,600 6256,600 6256,8395 1070,8395"/><TextLine custom="readingOrder {index:0;}" id="r2l3"><Coords points="1057,823 1750,831 1939,830 2127,829 2316,827 2505,826 2693,825 2882,823 3070,823 3259,821 3448,821 3636,821 3825,819 4013,819 4202,819 4391,819 4579,817 4768,817 4956,817 5145,817 6200,823 6200,712 5145,706 4956,706 4768,706 4579,706 4391,708 4202,708 4013,708 3825,708 3636,710 3448,710 3259,710 3070,712 2882,712 2693,714 2505,715 2316,716 2127,718 1939,719 1750,720 1057,712"/><Baseline points="1562,796 1750,794 1939,793 2127,792 2316,790 2505,789 2693,788 2882,786 3070,786 3259,784 3448,784 3636,784 3825,782 4013,782 4202,782 4391,782 4579,780 4768,780 4956,780 5145,780 5334,780"/><TextEquiv><Unicode>matica medium tenens consyderat ea que licet habeant esse in materia / tamen diffiniuntur</Unicode></TextEquiv></TextLine><TextLine custom="readingOrder {index:1;}" id="r2l4"><Coords points="1070,992 1320,990 1570,986 1820,984 2070,982 2320,980 2570,977 2820,974 3070,972 3320,970 3570,970 3820,968 4070,968 4320,968 4570,968 4820,969 5070,970 5320,974 5570,978 5820,982 6070,988 6070,880 5820,874 5570,870 5320,866 5070,862 4820,861 4570,860 4320,860 4070,860 3820,860 3570,862 3320,862 3070,864 2820,866 2570,869 2320,872 2070,874 1820,876 1570,878 1320,882 1070,884"/><Baseline points="1070,956 1320,954 1570,950 1820,948 2070,946 2320,944 2570,941 2820,938 3070,936 3320,934 3570,934 3820,932 4070,932 4320,932 4570,932 4820,933 5070,934 5320,938 5570,942 5820,946 6070,952"/><TextEquiv><Unicode>sine materia: vt patet de circulo et alijs mathematicalibus. Mathematica rursus</Unicode></TextEquiv></TextLine><TextLine custom="readingOrder {index:2;}" id="r2l5"><Coords points="1082,1146 1330,1142 1579,1139 1828,1136 2077,1132 2326,1130 2575,1127 2824,1124 3073,1122 3322,1120 3571,1119 3819,1118 4068,1118 4317,1118 4566,1118 4815,1118 5064,1120 5313,1122 5562,1126 5811,1128 6060,1134 6060,1026 5811,1020 5562,1018 5313,1014 5064,1012 4815,1010 4566,1010 4317,1010 4068,1010 3819,1010 3571,1011 3322,1012 3073,1014 2824,1016 2575,1019 2326,1022 2077,1024 1828,1028 1579,1031 1330,1034 1082,1038"/><Baseline points="1082,1110 1330,1106 1579,1103 1828,1100 2077,1096 2326,1094 2575,1091 2824,1088 3073,1086 3322,1084 3571,1083 3819,1082 4068,1082 4317,1082 4566,1082 4815,1082 5064,1084 5313,1086 5562,1090 5811,1092 6060,1098"/><TextEquiv><Unicode>solet diuidi in quattuor scientias quadriuiales: Arithmeticam / Musicam / Geo-</Unicode></TextEquiv></TextLine><TextLine custom="readingOrder {index:3;}" id="line_1653146888137_291"><Coords points="1090,1195 1181,1192 1364,1187 1822,1177 2097,1171 3104,1154 5388,1166 5693,1168 5997,1172 6150,1176 6150,1287 1090,1301"/><Baseline points="1090,1266 1181,1263 1273,1262 1364,1258 1456,1256 1548,1254 1639,1252 1731,1250 1822,1248 1914,1246 2006,1244 2097,1242 2189,1242 2280,1240 2372,1240 2464,1238 2555,1238 2647,1238 2738,1240 2830,1240 2922,1242 3104,1228 3256,1232 3408,1234 3560,1236 3713,1236 3865,1238 4017,1238 4170,1238 4322,1238 4474,1238 4627,1238 4779,1238 4931,1240 5083,1240 5236,1240 5388,1240 5540,1242 5693,1242 5845,1244 5997,1246 6150,1250"/><TextEquiv><Unicode>metriam et Astronomiam. ¶ Sciendum secundo que subiectum scientie vel genus scibi</Unicode></TextEquiv></TextLine><TextLine custom="readingOrder {index:4;}" id="r2l8"><Coords points="1086,1445 1338,1443 1591,1440 1843,1437 2096,1435 2349,1433 2601,1433 2854,1431 3106,1429 3359,1429 3612,1429 3864,1427 4117,1427 4369,1427 4622,1427 4875,1427 5127,1427 5380,1427 5632,1427 5885,1427 6138,1427 6138,1321 5885,1321 5632,1321 5380,1321 5127,1321 4875,1321 4622,1321 4369,1321 4117,1321 3864,1321 3612,1323 3359,1323 3106,1323 2854,1325 2601,1327 2349,1327 2096,1329 1843,1331 1591,1334 1338,1337 1086,1339"/><Baseline points="1086,1410 1338,1408 1591,1405 1843,1402 2096,1400 2349,1398 2601,1398 2854,1396 3106,1394 3359,1394 3612,1394 3864,1392 4117,1392 4369,1392 4622,1392 4875,1392 5127,1392 5380,1392 5632,1392 5885,1392 6138,1392"/><TextEquiv><Unicode>le dicitur materia circa quam principalis est consyderatio scientie: et diffinitur sic secundum Sco. in</Unicode></TextEquiv></TextLine><TextLine custom="readingOrder {index:5;}" id="r2l9"><Coords points="1122,1606 1339,1600 1556,1596 1773,1592 1990,1590 2208,1588 2425,1586 2642,1584 2859,1582 3076,1582 3294,1580 3511,1580 3728,1580 3945,1578 4162,1578 4380,1578 4597,1576 4814,1576 5031,1574 5248,1572 6186,1534 6186,1425 5248,1463 5031,1465 4814,1467 4597,1467 4380,1469 4162,1469 3945,1469 3728,1471 3511,1471 3294,1471 3076,1473 2859,1473 2642,1475 2425,1477 2208,1479 1990,1481 1773,1483 1556,1487 1339,1491 1122,1497"/><Baseline points="1122,1570 1339,1564 1556,1560 1773,1556 1990,1554 2208,1552 2425,1550 2642,1548 2859,1546 3076,1546 3294,1544 3511,1544 3728,1544 3945,1542 4162,1542 4380,1542 4597,1540 4814,1540 5031,1538 5248,1536 5466,1534"/><TextEquiv><Unicode>prolo. q. iij. Subiectum primum est illud quod primo virtualiter continet omnes veritates illius</Unicode></TextEquiv></TextLine><TextLine custom="readingOrder {index:6;}" id="line_1653147607464_311"><Coords points="1146,1641 1353,1637 1769,1631 6110,1587 6110,1696 6044,1739 5804,1745 1146,1750"/><Baseline points="1146,1714 1353,1710 1561,1707 1769,1704 1977,1702 2185,1700 2392,1699 2600,1698 2808,1697 3016,1696 3224,1696 3431,1694 3639,1694 3847,1694 4055,1692 4263,1692 4470,1690 4678,1690 4886,1688 5094,1686 5302,1684 5724,1700 5750,1703 5777,1706 5804,1708 6016,1702 6044,1702"/><TextEquiv><Unicode>scientie cuius est subiectum. Ad cuius declarationem scias que continentia est multiplex:</Unicode></TextEquiv></TextLine><TextLine custom="readingOrder {index:7;}" id="line_1653147720612_327"><Coords points="1098,1794 1476,1784 1563,1782 2066,1777 2872,1773 3477,1771 4284,1769 4889,1769 6100,1773 6100,1882 1214,1907 1127,1907 1098,1905"/><Baseline points="1098,1868 1127,1870 1156,1870 1185,1870 1214,1870 1243,1868 1272,1868 1301,1866 1330,1866 1359,1864 1389,1862 1418,1861 1447,1860 1476,1858 1505,1858 1534,1857 1563,1856 1592,1857 1621,1858 1650,1858 1680,1860 2066,1850 2267,1850 2469,1848 2671,1848 2872,1846 3074,1846 3276,1846 3477,1844 3679,1844 3881,1844 4083,1843 4284,1842 4486,1842 4688,1842 4889,1842 5091,1843 5293,1844 5494,1844 5696,1845 5898,1846 6100,1846"/><TextEquiv><Unicode>quedam essentialis / qua inferius continet suum superius. Alia est vnitiua / qua prius con</Unicode></TextEquiv></TextLine><TextLine custom="readingOrder {index:8;}" id="line_1653147727331_333"><Coords points="1086,1946 1301,1942 1947,1934 2593,1928 3455,1920 3886,1918 4532,1916 4747,1916 5394,1918 5891,1920 5984,1923 6014,1924 6138,1930 6138,2041 1086,2057"/><Baseline points="1086,2020 1301,2016 1516,2014 1732,2012 1947,2008 2163,2006 2378,2004 2593,2002 2809,2000 3024,1998 3240,1996 3455,1994 3670,1994 3886,1992 4101,1992 4317,1992 4532,1990 4747,1990 4963,1992 5178,1992 5394,1992 5522,1998 5552,1998 5583,1998 5614,1996 5645,1996 5676,1995 5706,1995 5737,1995 5768,1994 5799,1994 5830,1994 5860,1994 5891,1994 5922,1995 5953,1996 5984,1997 6014,1998 6045,2000 6076,2001 6107,2003 6138,2004"/><TextEquiv><Unicode>tinet posterius: cum quo est idem realiter / distinctum tamen formaliter: vt anima continet suas</Unicode></TextEquiv></TextLine><TextLine custom="readingOrder {index:9;}" id="r2l17"><Coords points="1128,2207 1374,2203 1621,2201 1868,2199 2115,2197 2362,2195 2609,2193 2856,2191 3103,2189 3350,2187 3597,2186 3843,2185 4090,2183 4337,2183 4584,2183 4831,2183 5078,2181 5325,2181 5572,2183 5819,2183 6066,2183 6066,2072 5819,2072 5572,2072 5325,2070 5078,2070 4831,2072 4584,2072 4337,2072 4090,2072 3843,2074 3597,2075 3350,2076 3103,2078 2856,2080 2609,2082 2362,2084 2115,2086 1868,2088 1621,2090 1374,2092 1128,2096"/><Baseline points="1128,2170 1374,2166 1621,2164 1868,2162 2115,2160 2362,2158 2609,2156 2856,2154 3103,2152 3350,2150 3597,2149 3843,2148 4090,2146 4337,2146 4584,2146 4831,2146 5078,2144 5325,2144 5572,2146 5819,2146 6066,2146"/><TextEquiv><Unicode>potentias. Alia est potentialis / qua superius continet suum inferius. Alia virtualis / quam</Unicode></TextEquiv></TextLine><TextLine custom="readingOrder {index:10;}" id="r2l18"><Coords points="1080,2358 1326,2355 1572,2352 1818,2350 2064,2346 2310,2344 2556,2342 2802,2340 3048,2339 3294,2338 3541,2336 3787,2336 4033,2334 4279,2334 4525,2334 4771,2332 5017,2332 5263,2332 5509,2332 5755,2334 6002,2334 6002,2225 5755,2225 5509,2223 5263,2223 5017,2223 4771,2223 4525,2225 4279,2225 4033,2225 3787,2227 3541,2227 3294,2229 3048,2230 2802,2231 2556,2233 2310,2235 2064,2237 1818,2241 1572,2243 1326,2246 1080,2249"/><Baseline points="1080,2322 1326,2319 1572,2316 1818,2314 2064,2310 2310,2308 2556,2306 2802,2304 3048,2303 3294,2302 3541,2300 3787,2300 4033,2298 4279,2298 4525,2298 4771,2296 5017,2296 5263,2296 5509,2296 5755,2298 6002,2298"/><TextEquiv><Unicode>causa efficiens continet suum effectum. Nam continere virtualiter aliud / est posse illud pro-</Unicode></TextEquiv></TextLine><TextLine custom="readingOrder {index:11;}" id="r2l19"><Coords points="1084,2512 1317,2507 1551,2504 1785,2500 2019,2498 2253,2496 2487,2494 2721,2492 2955,2492 3189,2490 3423,2490 3656,2490 3890,2490 4124,2490 4358,2488 4592,2488 4826,2488 5060,2486 5294,2484 5528,2482 6215,2472 6215,2363 5528,2373 5294,2375 5060,2377 4826,2379 4592,2379 4358,2379 4124,2381 3890,2381 3656,2381 3423,2381 3189,2381 2955,2383 2721,2383 2487,2385 2253,2387 2019,2389 1785,2391 1551,2395 1317,2398 1084,2403"/><Baseline points="1084,2476 1317,2471 1551,2468 1785,2464 2019,2462 2253,2460 2487,2458 2721,2456 2955,2456 3189,2454 3423,2454 3656,2454 3890,2454 4124,2454 4358,2452 4592,2452 4826,2452 5060,2450 5294,2448 5528,2446 5762,2444"/><TextEquiv><Unicode>ducere: vel in esse reali / vt deus continet omnia producibilia: vel in esse cognito subie</Unicode></TextEquiv></TextLine><TextLine custom="readingOrder {index:12;}" id="r2l20"><Coords points="1070,2656 1325,2654 1581,2652 1837,2650 2093,2648 2349,2647 2604,2646 2860,2644 3116,2642 3372,2642 3628,2640 3883,2640 4139,2640 4395,2638 4651,2638 4907,2638 5162,2638 5418,2640 5674,2640 5930,2641 6186,2642 6186,2533 5930,2532 5674,2531 5418,2531 5162,2529 4907,2529 4651,2529 4395,2529 4139,2531 3883,2531 3628,2531 3372,2533 3116,2533 2860,2535 2604,2537 2349,2538 2093,2539 1837,2541 1581,2543 1325,2545 1070,2547"/><Baseline points="1070,2620 1325,2618 1581,2616 1837,2614 2093,2612 2349,2611 2604,2610 2860,2608 3116,2606 3372,2606 3628,2604 3883,2604 4139,2604 4395,2602 4651,2602 4907,2602 5162,2602 5418,2604 5674,2604 5930,2605 6186,2606"/><TextEquiv><Unicode>ctum dicitur continere suas passiones: noticia enim subiecti nata est causare noticiam</Unicode></TextEquiv></TextLine><TextLine custom="readingOrder {index:13;}" id="line_1653148108767_350"><Coords points="1102,2710 1338,2704 1575,2698 2048,2690 2522,2686 5836,2670 6060,2672 6087,2674 6196,2684 6196,2795 1102,2818"/><Baseline points="1102,2782 1338,2776 1575,2770 1812,2766 2048,2762 2285,2760 2522,2758 2758,2758 2995,2756 3232,2756 3469,2756 3705,2756 3942,2756 4179,2756 4415,2754 4652,2754 4889,2752 5125,2752 5362,2750 5599,2747 5836,2742 6060,2746 6087,2748 6114,2752 6141,2755 6168,2758 6196,2758"/><TextEquiv><Unicode>passionis: hoc etiam modo subiectum primum continet totam noticiam seu scientiam que</Unicode></TextEquiv></TextLine><TextLine custom="readingOrder {index:14;}" id="r2l23"><Coords points="1088,2962 1331,2958 1575,2955 1819,2952 2062,2950 2306,2948 2550,2947 2793,2946 3037,2944 3281,2944 3525,2942 3768,2942 4012,2942 4256,2940 4499,2940 4743,2940 4987,2940 5230,2938 5474,2938 5718,2938 6261,2936 6261,2828 5718,2830 5474,2830 5230,2830 4987,2832 4743,2832 4499,2832 4256,2832 4012,2834 3768,2834 3525,2834 3281,2836 3037,2836 2793,2838 2550,2839 2306,2840 2062,2842 1819,2844 1575,2847 1331,2850 1088,2854"/><Baseline points="1088,2926 1331,2922 1575,2919 1819,2916 2062,2914 2306,2912 2550,2911 2793,2910 3037,2908 3281,2908 3525,2906 3768,2906 4012,2906 4256,2904 4499,2904 4743,2904 4987,2904 5230,2902 5474,2902 5718,2902 5962,2900"/><TextEquiv><Unicode>est de ipso subiecto. Et hoc probatur secundum Sco. vbi supra dupliciter. Primo quia subie-</Unicode></TextEquiv></TextLine><TextLine custom="readingOrder {index:15;}" id="r2l24"><Coords points="1102,3109 1352,3107 1602,3105 1852,3103 2102,3101 2352,3099 2602,3097 2852,3097 3102,3095 3352,3093 3603,3093 3853,3092 4103,3091 4353,3091 4603,3089 4853,3089 5103,3089 5353,3089 5603,3087 5853,3087 6104,3087 6104,2976 5853,2976 5603,2976 5353,2978 5103,2978 4853,2978 4603,2978 4353,2980 4103,2980 3853,2981 3603,2982 3352,2982 3102,2984 2852,2986 2602,2986 2352,2988 2102,2990 1852,2992 1602,2994 1352,2996 1102,2998"/><Baseline points="1102,3072 1352,3070 1602,3068 1852,3066 2102,3064 2352,3062 2602,3060 2852,3060 3102,3058 3352,3056 3603,3056 3853,3055 4103,3054 4353,3054 4603,3052 4853,3052 5103,3052 5353,3052 5603,3050 5853,3050 6104,3050"/><TextEquiv><Unicode>ctum primum continet propositiones immediatas seu premissas demonstrationis: nam subie</Unicode></TextEquiv></TextLine><TextLine custom="readingOrder {index:16;}" id="r2l25"><Coords points="1182,3259 1428,3257 1674,3257 1920,3255 2166,3253 2413,3251 2659,3249 2905,3247 3151,3245 3397,3243 3644,3241 3890,3241 4136,3239 4382,3239 4628,3239 4875,3239 5121,3239 5367,3241 5613,3243 5859,3247 6238,3251 6238,3140 5859,3136 5613,3132 5367,3130 5121,3128 4875,3128 4628,3128 4382,3128 4136,3128 3890,3130 3644,3130 3397,3132 3151,3134 2905,3136 2659,3138 2413,3140 2166,3142 1920,3144 1674,3146 1428,3146 1182,3148"/><Baseline points="1182,3222 1428,3220 1674,3220 1920,3218 2166,3216 2413,3214 2659,3212 2905,3210 3151,3208 3397,3206 3644,3204 3890,3204 4136,3202 4382,3202 4628,3202 4875,3202 5121,3202 5367,3204 5613,3206 5859,3210 6106,3214"/><TextEquiv><Unicode>ctum continet predicatum et per consequens euidentiam totius propositionis immediate: proposi-</Unicode></TextEquiv></TextLine><TextLine custom="readingOrder {index:17;}" id="r2l26"><Coords points="1096,3415 1335,3412 1574,3409 1813,3406 2053,3403 2292,3401 2531,3399 2771,3398 3010,3397 3249,3395 3489,3395 3728,3395 3967,3393 4206,3393 4446,3391 4685,3391 4924,3391 5164,3389 5403,3388 5642,3387 5882,3385 5882,3274 5642,3276 5403,3277 5164,3278 4924,3280 4685,3280 4446,3280 4206,3282 3967,3282 3728,3284 3489,3284 3249,3284 3010,3286 2771,3287 2531,3288 2292,3290 2053,3292 1813,3295 1574,3298 1335,3301 1096,3304"/><Baseline points="1096,3378 1335,3375 1574,3372 1813,3369 2053,3366 2292,3364 2531,3362 2771,3361 3010,3360 3249,3358 3489,3358 3728,3358 3967,3356 4206,3356 4446,3354 4685,3354 4924,3354 5164,3352 5403,3351 5642,3350 5882,3348"/><TextEquiv><Unicode>tiones autem immediate continent conclusiones: ergo primum subiectum continet tam premissas</Unicode></TextEquiv></TextLine><TextLine custom="readingOrder {index:18;}" id="r2l27"><Coords points="1110,3569 1363,3564 1617,3560 1870,3557 2124,3553 2378,3551 2631,3550 2885,3549 3138,3549 3392,3549 3646,3547 3899,3547 4153,3547 4406,3547 4660,3547 4914,3547 5167,3545 5421,3543 5674,3541 5928,3539 6182,3535 6182,3424 5928,3428 5674,3430 5421,3432 5167,3434 4914,3436 4660,3436 4406,3436 4153,3436 3899,3436 3646,3436 3392,3438 3138,3438 2885,3438 2631,3439 2378,3440 2124,3442 1870,3446 1617,3449 1363,3453 1110,3458"/><Baseline points="1110,3532 1363,3527 1617,3523 1870,3520 2124,3516 2378,3514 2631,3513 2885,3512 3138,3512 3392,3512 3646,3510 3899,3510 4153,3510 4406,3510 4660,3510 4914,3510 5167,3508 5421,3506 5674,3504 5928,3502 6182,3498"/><TextEquiv><Unicode>quam conclusiones / et per consequens omnes veritates: hoc est / propositiones necessarias que</Unicode></TextEquiv></TextLine><TextLine custom="readingOrder {index:19;}" id="r2l28"><Coords points="1170,3723 1412,3717 1654,3711 1897,3707 2139,3705 2382,3703 2624,3701 2866,3699 3109,3699 3351,3699 3594,3699 3836,3699 4078,3699 4321,3699 4563,3699 4806,3698 5048,3697 5290,3695 5533,3693 5775,3689 6018,3685 6018,3574 5775,3578 5533,3582 5290,3584 5048,3586 4806,3587 4563,3588 4321,3588 4078,3588 3836,3588 3594,3588 3351,3588 3109,3588 2866,3588 2624,3590 2382,3592 2139,3594 1897,3596 1654,3600 1412,3606 1170,3612"/><Baseline points="1170,3686 1412,3680 1654,3674 1897,3670 2139,3668 2382,3666 2624,3664 2866,3662 3109,3662 3351,3662 3594,3662 3836,3662 4078,3662 4321,3662 4563,3662 4806,3661 5048,3660 5290,3658 5533,3656 5775,3652 6018,3648"/><TextEquiv><Unicode>sunt de illo subiecto. Secundo: quia primitas accipitur hic / vt dicit adequationem: subiec-</Unicode></TextEquiv></TextLine><TextLine custom="readingOrder {index:20;}" id="r2l29"><Coords points="1086,3874 1336,3870 1587,3866 1838,3862 2089,3858 2340,3856 2591,3854 2842,3852 3093,3850 3344,3848 3595,3848 3845,3848 4096,3846 4347,3846 4598,3846 4849,3846 5100,3848 5351,3848 5602,3848 5853,3848 6104,3848 6104,3739 5853,3739 5602,3739 5351,3739 5100,3739 4849,3737 4598,3737 4347,3737 4096,3737 3845,3739 3595,3739 3344,3739 3093,3741 2842,3743 2591,3745 2340,3747 2089,3749 1838,3753 1587,3757 1336,3761 1086,3765"/><Baseline points="1086,3838 1336,3834 1587,3830 1838,3826 2089,3822 2340,3820 2591,3818 2842,3816 3093,3814 3344,3812 3595,3812 3845,3812 4096,3810 4347,3810 4598,3810 4849,3810 5100,3812 5351,3812 5602,3812 5853,3812 6104,3812"/><TextEquiv><Unicode>ctum autem est causa scientie (nam secundum Augustinum a cognoscente et cognito pariter noticia)</Unicode></TextEquiv></TextLine><TextLine custom="readingOrder {index:21;}" id="r2l30"><Coords points="1100,4020 1345,4016 1591,4014 1837,4010 2083,4008 2329,4006 2574,4004 2820,4002 3066,4002 3312,4000 3558,3998 3803,3998 4049,3998 4295,3996 4541,3996 4787,3996 5032,3996 5278,3994 5524,3994 5770,3994 6016,3994 6016,3885 5770,3885 5524,3885 5278,3885 5032,3887 4787,3887 4541,3887 4295,3887 4049,3889 3803,3889 3558,3889 3312,3891 3066,3893 2820,3893 2574,3895 2329,3897 2083,3899 1837,3901 1591,3905 1345,3907 1100,3911"/><Baseline points="1100,3984 1345,3980 1591,3978 1837,3974 2083,3972 2329,3970 2574,3968 2820,3966 3066,3966 3312,3964 3558,3962 3803,3962 4049,3962 4295,3960 4541,3960 4787,3960 5032,3960 5278,3958 5524,3958 5770,3958 6016,3958"/><TextEquiv><Unicode>ergo subiectum continet virtualiter scientiam de se sicut causa suum effectum: et per consequens</Unicode></TextEquiv></TextLine><TextLine custom="readingOrder {index:22;}" id="r2l31"><Coords points="1186,4165 1438,4163 1691,4163 1944,4161 2197,4159 2450,4159 2702,4157 2955,4155 3208,4153 3461,4153 3714,4151 3966,4150 4219,4149 4472,4149 4725,4147 4978,4147 5230,4147 5483,4147 5736,4147 5989,4149 6242,4149 6242,4038 5989,4038 5736,4036 5483,4036 5230,4036 4978,4036 4725,4036 4472,4038 4219,4038 3966,4039 3714,4040 3461,4042 3208,4042 2955,4044 2702,4046 2450,4048 2197,4048 1944,4050 1691,4052 1438,4052 1186,4054"/><Baseline points="1186,4128 1438,4126 1691,4126 1944,4124 2197,4122 2450,4122 2702,4120 2955,4118 3208,4116 3461,4116 3714,4114 3966,4113 4219,4112 4472,4112 4725,4110 4978,4110 5230,4110 5483,4110 5736,4110 5989,4112 6242,4112"/><TextEquiv><Unicode>si est subiectum primum / hoc est adequatum: continet virtualiter primo / id est adequate to</Unicode></TextEquiv></TextLine><TextLine custom="readingOrder {index:23;}" id="r2l32"><Coords points="1180,4317 1412,4315 1645,4315 1878,4313 2111,4311 2344,4311 2576,4309 2809,4307 3042,4305 3275,4305 3508,4303 3740,4301 3973,4301 4206,4299 4439,4297 4672,4297 4904,4297 5137,4295 5370,4295 5603,4295 6216,4279 6216,4168 5603,4184 5370,4184 5137,4184 4904,4186 4672,4186 4439,4186 4206,4188 3973,4190 3740,4190 3508,4192 3275,4194 3042,4194 2809,4196 2576,4198 2344,4200 2111,4200 1878,4202 1645,4204 1412,4204 1180,4206"/><Baseline points="1180,4280 1412,4278 1645,4278 1878,4276 2111,4274 2344,4274 2576,4272 2809,4270 3042,4268 3275,4268 3508,4266 3740,4264 3973,4264 4206,4262 4439,4260 4672,4260 4904,4260 5137,4258 5370,4258 5603,4258 5836,4258"/><TextEquiv><Unicode>tam noticiam de illo subiecto. ¶ Premissa breuiter diffinitione subiecti primi / sci</Unicode></TextEquiv></TextLine><TextLine custom="readingOrder {index:24;}" id="r2l33"><Coords points="1102,4469 1355,4467 1608,4465 1862,4463 2115,4461 2369,4459 2622,4458 2875,4457 3129,4455 3382,4453 3636,4453 3889,4451 4142,4449 4396,4449 4649,4449 4903,4447 5156,4447 5409,4447 5663,4447 5916,4447 6170,4447 6170,4336 5916,4336 5663,4336 5409,4336 5156,4336 4903,4336 4649,4338 4396,4338 4142,4338 3889,4340 3636,4342 3382,4342 3129,4344 2875,4346 2622,4347 2369,4348 2115,4350 1862,4352 1608,4354 1355,4356 1102,4358"/><Baseline points="1102,4432 1355,4430 1608,4428 1862,4426 2115,4424 2369,4422 2622,4421 2875,4420 3129,4418 3382,4416 3636,4416 3889,4414 4142,4412 4396,4412 4649,4412 4903,4410 5156,4410 5409,4410 5663,4410 5916,4410 6170,4410"/><TextEquiv><Unicode>endum tertio: que de subiecto primo naturalis philosophie diuerse opiniones:</Unicode></TextEquiv></TextLine><TextLine custom="readingOrder {index:25;}" id="r2l34"><Coords points="1126,4623 1379,4619 1632,4617 1885,4614 2138,4611 2391,4609 2644,4607 2897,4607 3150,4605 3403,4605 3657,4603 3910,4603 4163,4603 4416,4601 4669,4601 4922,4601 5175,4601 5428,4601 5681,4601 5934,4601 6188,4601 6188,4490 5934,4490 5681,4490 5428,4490 5175,4490 4922,4490 4669,4490 4416,4490 4163,4492 3910,4492 3657,4492 3403,4494 3150,4494 2897,4496 2644,4496 2391,4498 2138,4500 1885,4503 1632,4506 1379,4508 1126,4512"/><Baseline points="1126,4586 1379,4582 1632,4580 1885,4577 2138,4574 2391,4572 2644,4570 2897,4570 3150,4568 3403,4568 3657,4566 3910,4566 4163,4566 4416,4564 4669,4564 4922,4564 5175,4564 5428,4564 5681,4564 5934,4564 6188,4564"/><TextEquiv><Unicode>Dicunt enim Auicenna / Commen. Albertus magnus et Egidius romanus / que corpus mo-</Unicode></TextEquiv></TextLine><TextLine custom="readingOrder {index:26;}" id="r2l35"><Coords points="1156,4777 1403,4773 1651,4769 1898,4767 2146,4765 2393,4763 2641,4761 2888,4760 3136,4759 3383,4757 3631,4757 3878,4757 4126,4755 4373,4755 4621,4755 4868,4755 5116,4753 5363,4753 5611,4753 5858,4751 6287,4751 6287,4640 5858,4640 5611,4642 5363,4642 5116,4642 4868,4644 4621,4644 4373,4644 4126,4644 3878,4646 3631,4646 3383,4646 3136,4648 2888,4649 2641,4650 2393,4652 2146,4654 1898,4656 1651,4658 1403,4662 1156,4666"/><Baseline points="1156,4740 1403,4736 1651,4732 1898,4730 2146,4728 2393,4726 2641,4724 2888,4723 3136,4722 3383,4720 3631,4720 3878,4720 4126,4718 4373,4718 4621,4718 4868,4718 5116,4716 5363,4716 5611,4716 5858,4714 6106,4714"/><TextEquiv><Unicode>bile est subiectum adequatum philosophie naturalis. Alia est opinio doctoris sancti</Unicode></TextEquiv></TextLine><TextLine custom="readingOrder {index:27;}" id="r2l36"><Coords points="1126,4931 1375,4926 1625,4922 1875,4919 2125,4915 2375,4913 2625,4911 2875,4911 3125,4909 3375,4909 3625,4907 3874,4907 4124,4907 4374,4907 4624,4905 4874,4905 5124,4905 5374,4903 5624,4903 5874,4901 6124,4899 6124,4788 5874,4790 5624,4792 5374,4792 5124,4794 4874,4794 4624,4794 4374,4796 4124,4796 3874,4796 3625,4796 3375,4798 3125,4798 2875,4800 2625,4800 2375,4802 2125,4804 1875,4808 1625,4811 1375,4815 1126,4820"/><Baseline points="1126,4894 1375,4889 1625,4885 1875,4882 2125,4878 2375,4876 2625,4874 2875,4874 3125,4872 3375,4872 3625,4870 3874,4870 4124,4870 4374,4870 4624,4868 4874,4868 5124,4868 5374,4866 5624,4866 5874,4864 6124,4862"/><TextEquiv><Unicode>Buridani et multorum aliorum / que ens mobile est in naturali philosophia subiectum</Unicode></TextEquiv></TextLine><TextLine custom="readingOrder {index:28;}" id="r2l37"><Coords points="1122,5081 1374,5076 1627,5071 1879,5067 2132,5065 2385,5061 2637,5059 2890,5057 3142,5055 3395,5053 3648,5053 3900,5051 4153,5051 4405,5051 4658,5051 4911,5051 5163,5051 5416,5053 5668,5053 5921,5055 6174,5055 6174,4949 5921,4949 5668,4947 5416,4947 5163,4945 4911,4945 4658,4945 4405,4945 4153,4945 3900,4945 3648,4947 3395,4947 3142,4949 2890,4951 2637,4953 2385,4955 2132,4959 1879,4961 1627,4965 1374,4970 1122,4975"/><Baseline points="1122,5046 1374,5041 1627,5036 1879,5032 2132,5030 2385,5026 2637,5024 2890,5022 3142,5020 3395,5018 3648,5018 3900,5016 4153,5016 4405,5016 4658,5016 4911,5016 5163,5016 5416,5018 5668,5018 5921,5020 6174,5020"/><TextEquiv><Unicode>adequatum. Ad saluandas autem has duas opiniones notanda sunt duo. Primum</Unicode></TextEquiv></TextLine><TextLine custom="readingOrder {index:29;}" id="r2l38"><Coords points="1122,5225 1377,5221 1633,5217 1888,5213 2144,5211 2400,5209 2655,5207 2911,5207 3166,5207 3422,5207 3678,5207 3933,5207 4189,5207 4444,5209 4700,5209 4956,5209 5211,5209 5467,5207 5722,5207 5978,5205 6234,5203 6234,5097 5978,5099 5722,5101 5467,5101 5211,5103 4956,5103 4700,5103 4444,5103 4189,5101 3933,5101 3678,5101 3422,5101 3166,5101 2911,5101 2655,5101 2400,5103 2144,5105 1888,5107 1633,5111 1377,5115 1122,5119"/><Baseline points="1122,5190 1377,5186 1633,5182 1888,5178 2144,5176 2400,5174 2655,5172 2911,5172 3166,5172 3422,5172 3678,5172 3933,5172 4189,5172 4444,5174 4700,5174 4956,5174 5211,5174 5467,5172 5722,5172 5978,5170 6234,5168"/><TextEquiv><Unicode>que mobile in vtraque harum non debet capi proprie: vt dicit passionem adequate con-</Unicode></TextEquiv></TextLine><TextLine custom="readingOrder {index:30;}" id="r2l39"><Coords points="1142,5375 1383,5371 1625,5368 1867,5365 2109,5363 2351,5361 2592,5359 2834,5357 3076,5357 3318,5357 3560,5357 3801,5357 4043,5357 4285,5359 4527,5359 4769,5359 5010,5361 5252,5361 5494,5363 5736,5363 5978,5365 5978,5254 5736,5252 5494,5252 5252,5250 5010,5250 4769,5248 4527,5248 4285,5248 4043,5246 3801,5246 3560,5246 3318,5246 3076,5246 2834,5246 2592,5248 2351,5250 2109,5252 1867,5254 1625,5257 1383,5260 1142,5264"/><Baseline points="1142,5338 1383,5334 1625,5331 1867,5328 2109,5326 2351,5324 2592,5322 2834,5320 3076,5320 3318,5320 3560,5320 3801,5320 4043,5320 4285,5322 4527,5322 4769,5322 5010,5324 5252,5324 5494,5326 5736,5326 5978,5328"/><TextEquiv><Unicode>uenientem subiecto huius scientie: quia mobile sic acceptum additum enti vel corpori consti</Unicode></TextEquiv></TextLine><TextLine custom="readingOrder {index:31;}" id="r2l40"><Coords points="1146,5529 1394,5523 1642,5519 1890,5515 2138,5513 2386,5511 2634,5509 2882,5507 3130,5507 3378,5507 3627,5507 3875,5507 4123,5509 4371,5509 4619,5509 4867,5509 5115,5511 5363,5511 5611,5510 5859,5509 6108,5509 6108,5398 5859,5398 5611,5399 5363,5400 5115,5400 4867,5398 4619,5398 4371,5398 4123,5398 3875,5396 3627,5396 3378,5396 3130,5396 2882,5396 2634,5398 2386,5400 2138,5402 1890,5404 1642,5408 1394,5412 1146,5418"/><Baseline points="1146,5492 1394,5486 1642,5482 1890,5478 2138,5476 2386,5474 2634,5472 2882,5470 3130,5470 3378,5470 3627,5470 3875,5470 4123,5472 4371,5472 4619,5472 4867,5472 5115,5474 5363,5474 5611,5473 5859,5472 6108,5472"/><TextEquiv><Unicode>tueret ens per accidens / sicut quelibet passio addita suo subiecto. De ente autem per</Unicode></TextEquiv></TextLine><TextLine custom="readingOrder {index:32;}" id="r2l41"><Coords points="1166,5675 1418,5671 1671,5669 1923,5667 2176,5665 2429,5663 2681,5663 2934,5661 3186,5661 3439,5661 3692,5660 3944,5659 4197,5659 4449,5661 4702,5661 4955,5661 5207,5661 5460,5661 5712,5661 5965,5661 6218,5661 6218,5550 5965,5550 5712,5550 5460,5550 5207,5550 4955,5550 4702,5550 4449,5550 4197,5548 3944,5548 3692,5549 3439,5550 3186,5550 2934,5550 2681,5552 2429,5552 2176,5554 1923,5556 1671,5558 1418,5560 1166,5564"/><Baseline points="1166,5638 1418,5634 1671,5632 1923,5630 2176,5628 2429,5626 2681,5626 2934,5624 3186,5624 3439,5624 3692,5623 3944,5622 4197,5622 4449,5624 4702,5624 4955,5624 5207,5624 5460,5624 5712,5624 5965,5624 6218,5624"/><TextEquiv><Unicode>accidens (vt dicitur. vj. Metaphysice) non est scientia. Sed mobile in vtraque debet</Unicode></TextEquiv></TextLine><TextLine custom="readingOrder {index:33;}" id="r2l42"><Coords points="1166,5824 1418,5820 1670,5818 1922,5816 2174,5814 2427,5813 2679,5812 2931,5812 3183,5810 3435,5810 3688,5810 3940,5810 4192,5810 4444,5810 4696,5810 4949,5810 5201,5810 5453,5810 5705,5810 5957,5810 6210,5808 6210,5699 5957,5701 5705,5701 5453,5701 5201,5701 4949,5701 4696,5701 4444,5701 4192,5701 3940,5701 3688,5701 3435,5701 3183,5701 2931,5703 2679,5703 2427,5704 2174,5705 1922,5707 1670,5709 1418,5711 1166,5715"/><Baseline points="1166,5788 1418,5784 1670,5782 1922,5780 2174,5778 2427,5777 2679,5776 2931,5776 3183,5774 3435,5774 3688,5774 3940,5774 4192,5774 4444,5774 4696,5774 4949,5774 5201,5774 5453,5774 5705,5774 5957,5774 6210,5772"/><TextEquiv><Unicode>accipi circumlocutiue / pro ipsa ratione formali subiecti: vt naturalitate per quam hec</Unicode></TextEquiv></TextLine><TextLine custom="readingOrder {index:34;}" id="r2l43"><Coords points="1134,5977 1386,5973 1639,5969 1891,5967 2144,5965 2397,5965 2649,5963 2902,5963 3154,5963 3407,5965 3660,5965 3912,5965 4165,5967 4417,5967 4670,5967 4923,5967 5175,5967 5428,5966 5680,5965 5933,5963 6186,5959 6186,5848 5933,5852 5680,5854 5428,5855 5175,5856 4923,5856 4670,5856 4417,5856 4165,5856 3912,5854 3660,5854 3407,5854 3154,5852 2902,5852 2649,5852 2397,5854 2144,5854 1891,5856 1639,5858 1386,5862 1134,5866"/><Baseline points="1134,5940 1386,5936 1639,5932 1891,5930 2144,5928 2397,5928 2649,5926 2902,5926 3154,5926 3407,5928 3660,5928 3912,5928 4165,5930 4417,5930 4670,5930 4923,5930 5175,5930 5428,5929 5680,5928 5933,5926 6186,5922"/><TextEquiv><Unicode>passio mobile inest suo subiecto tam quam per suam causam adequatam. Ita que subiectum philosophie secundum</Unicode></TextEquiv></TextLine><TextLine custom="readingOrder {index:35;}" id="r2l44"><Coords points="1174,6133 1403,6127 1632,6123 1861,6119 2090,6117 2320,6115 2549,6113 2778,6113 3007,6111 3236,6111 3466,6111 3695,6111 3924,6111 4153,6111 4382,6111 4612,6111 4841,6111 5070,6109 5299,6108 5528,6105 5758,6101 5758,5990 5528,5994 5299,5997 5070,5998 4841,6000 4612,6000 4382,6000 4153,6000 3924,6000 3695,6000 3466,6000 3236,6000 3007,6000 2778,6002 2549,6002 2320,6004 2090,6006 1861,6008 1632,6012 1403,6016 1174,6022"/><Baseline points="1174,6096 1403,6090 1632,6086 1861,6082 2090,6080 2320,6078 2549,6076 2778,6076 3007,6074 3236,6074 3466,6074 3695,6074 3924,6074 4153,6074 4382,6074 4612,6074 4841,6074 5070,6072 5299,6071 5528,6068 5758,6064"/><TextEquiv><Unicode>primam opinionem sit corpus naturale / et secundum opinionem secundam ens naturale. Secundum quod</Unicode></TextEquiv></TextLine><TextLine custom="readingOrder {index:36;}" id="r2l45"><Coords points="1130,6283 1375,6279 1620,6275 1865,6273 2110,6271 2356,6269 2601,6269 2846,6268 3091,6267 3336,6267 3582,6267 3827,6267 4072,6269 4317,6269 4562,6269 4808,6267 5053,6267 5298,6267 5543,6265 5788,6263 6034,6261 6034,6150 5788,6152 5543,6154 5298,6156 5053,6156 4808,6156 4562,6158 4317,6158 4072,6158 3827,6156 3582,6156 3336,6156 3091,6156 2846,6157 2601,6158 2356,6158 2110,6160 1865,6162 1620,6164 1375,6168 1130,6172"/><Baseline points="1130,6246 1375,6242 1620,6238 1865,6236 2110,6234 2356,6232 2601,6232 2846,6231 3091,6230 3336,6230 3582,6230 3827,6230 4072,6232 4317,6232 4562,6232 4808,6230 5053,6230 5298,6230 5543,6228 5788,6226 6034,6224"/><TextEquiv><Unicode>circa predictas opiniones consyderare oportet / est hex maxima: In vnaquamque scientia illud assi-</Unicode></TextEquiv></TextLine><TextLine custom="readingOrder {index:37;}" id="r2l46"><Coords points="1174,6433 1421,6429 1668,6427 1916,6423 2163,6421 2411,6419 2658,6419 2905,6417 3153,6417 3400,6417 3648,6417 3895,6417 4142,6417 4390,6417 4637,6417 4885,6417 5132,6417 5379,6417 5627,6416 5874,6415 6122,6413 6122,6302 5874,6304 5627,6305 5379,6306 5132,6306 4885,6306 4637,6306 4390,6306 4142,6306 3895,6306 3648,6306 3400,6306 3153,6306 2905,6306 2658,6308 2411,6308 2163,6310 1916,6312 1668,6316 1421,6318 1174,6322"/><Baseline points="1174,6396 1421,6392 1668,6390 1916,6386 2163,6384 2411,6382 2658,6382 2905,6380 3153,6380 3400,6380 3648,6380 3895,6380 4142,6380 4390,6380 4637,6380 4885,6380 5132,6380 5379,6380 5627,6379 5874,6378 6122,6376"/><TextEquiv><Unicode>gnandum est primum subiectum / cui adequate conuenit passio prima et adequata illi scientie. Cum igitur</Unicode></TextEquiv></TextLine><TextLine custom="readingOrder {index:38;}" id="line_1653149880238_382"><Coords points="1182,6474 1664,6466 2630,6458 3113,6456 5044,6456 6010,6458 6180,6460 6240,6468 6240,6579 1182,6585"/><Baseline points="1182,6548 1423,6544 1664,6540 1906,6538 2147,6536 2389,6534 2630,6532 2871,6532 3113,6530 3354,6530 3596,6530 3837,6530 4078,6530 4320,6530 4561,6530 4803,6530 5044,6530 5285,6532 5527,6532 5768,6532 6010,6532 6180,6534 6210,6542 6240,6542"/><TextEquiv><Unicode>motus seu mobilitas sit passio prima et adequata scientie naturali: sequitur que illud hic erit pri</Unicode></TextEquiv></TextLine><TextLine custom="readingOrder {index:39;}" id="r2l49"><Coords points="1138,6733 1381,6730 1624,6727 1867,6725 2110,6723 2354,6721 2597,6719 2840,6719 3083,6717 3326,6717 3570,6717 3813,6717 4056,6717 4299,6717 4542,6717 4786,6717 5029,6719 5272,6719 5515,6719 5758,6719 6002,6721 6002,6610 5758,6608 5515,6608 5272,6608 5029,6608 4786,6606 4542,6606 4299,6606 4056,6606 3813,6606 3570,6606 3326,6606 3083,6606 2840,6608 2597,6608 2354,6610 2110,6612 1867,6614 1624,6616 1381,6619 1138,6622"/><Baseline points="1138,6696 1381,6693 1624,6690 1867,6688 2110,6686 2354,6684 2597,6682 2840,6682 3083,6680 3326,6680 3570,6680 3813,6680 4056,6680 4299,6680 4542,6680 4786,6680 5029,6682 5272,6682 5515,6682 5758,6682 6002,6684"/><TextEquiv><Unicode>mum subiectum / cui motus conuenit adequate seu conuertibiliter. Et quia secundum phi</Unicode></TextEquiv></TextLine><TextLine custom="readingOrder {index:40;}" id="r2l50"><Coords points="1144,6891 1386,6886 1629,6883 1872,6879 2115,6877 2358,6874 2601,6873 2844,6871 3087,6871 3330,6871 3573,6871 3815,6871 4058,6871 4301,6871 4544,6871 4787,6871 5030,6873 5273,6873 5516,6873 5759,6871 6002,6871 6002,6760 5759,6760 5516,6762 5273,6762 5030,6762 4787,6760 4544,6760 4301,6760 4058,6760 3815,6760 3573,6760 3330,6760 3087,6760 2844,6760 2601,6762 2358,6763 2115,6766 1872,6768 1629,6772 1386,6775 1144,6780"/><Baseline points="1144,6854 1386,6849 1629,6846 1872,6842 2115,6840 2358,6837 2601,6836 2844,6834 3087,6834 3330,6834 3573,6834 3815,6834 4058,6834 4301,6834 4544,6834 4787,6834 5030,6836 5273,6836 5516,6836 5759,6834 6002,6834"/><TextEquiv><Unicode>losophiam traditam ab Aristotele / corpus et mobile conuertuntur: vt patet ex. vj.</Unicode></TextEquiv></TextLine><TextLine custom="readingOrder {index:41;}" id="r2l51"><Coords points="1168,7037 1419,7033 1671,7031 1923,7029 2174,7027 2426,7025 2678,7025 2929,7023 3181,7023 3433,7021 3685,7021 3936,7021 4188,7021 4440,7019 4691,7019 4943,7019 5195,7019 5446,7019 5698,7019 5950,7017 6202,7017 6202,6906 5950,6906 5698,6908 5446,6908 5195,6908 4943,6908 4691,6908 4440,6908 4188,6910 3936,6910 3685,6910 3433,6910 3181,6912 2929,6912 2678,6914 2426,6914 2174,6916 1923,6918 1671,6920 1419,6922 1168,6926"/><Baseline points="1168,7000 1419,6996 1671,6994 1923,6992 2174,6990 2426,6988 2678,6988 2929,6986 3181,6986 3433,6984 3685,6984 3936,6984 4188,6984 4440,6982 4691,6982 4943,6982 5195,6982 5446,6982 5698,6982 5950,6980 6202,6980"/><TextEquiv><Unicode>Physi. Nam secundum Aristo. omne corpus est mobile: et omne mobile est corpus: ideo</Unicode></TextEquiv></TextLine><TextLine custom="readingOrder {index:42;}" id="r2l52"><Coords points="1164,7193 1418,7187 1673,7183 1927,7181 2182,7177 2437,7175 2691,7173 2946,7173 3200,7171 3455,7171 3710,7171 3964,7171 4219,7171 4473,7171 4728,7171 4983,7171 5237,7171 5492,7171 5746,7171 6001,7169 6256,7169 6256,7058 6001,7058 5746,7060 5492,7060 5237,7060 4983,7060 4728,7060 4473,7060 4219,7060 3964,7060 3710,7060 3455,7060 3200,7060 2946,7062 2691,7062 2437,7064 2182,7066 1927,7070 1673,7072 1418,7076 1164,7082"/><Baseline points="1164,7156 1418,7150 1673,7146 1927,7144 2182,7140 2437,7138 2691,7136 2946,7136 3200,7134 3455,7134 3710,7134 3964,7134 4219,7134 4473,7134 4728,7134 4983,7134 5237,7134 5492,7134 5746,7134 6001,7132 6256,7132"/><TextEquiv><Unicode>in philosophia naturali ab Aristote. tradita / corpus naturale oportet ponere pro</Unicode></TextEquiv></TextLine><TextLine custom="readingOrder {index:43;}" id="r2l53"><Coords points="1166,7343 1397,7338 1628,7334 1859,7331 2090,7329 2321,7327 2552,7325 2783,7324 3014,7323 3245,7323 3477,7323 3708,7323 3939,7325 4170,7325 4401,7325 4632,7325 4863,7325 5094,7325 5325,7325 5556,7325 5788,7323 5788,7212 5556,7214 5325,7214 5094,7214 4863,7214 4632,7214 4401,7214 4170,7214 3939,7214 3708,7212 3477,7212 3245,7212 3014,7212 2783,7213 2552,7214 2321,7216 2090,7218 1859,7220 1628,7223 1397,7227 1166,7232"/><Baseline points="1166,7306 1397,7301 1628,7297 1859,7294 2090,7292 2321,7290 2552,7288 2783,7287 3014,7286 3245,7286 3477,7286 3708,7286 3939,7288 4170,7288 4401,7288 4632,7288 4863,7288 5094,7288 5325,7288 5556,7288 5788,7286"/><TextEquiv><Unicode>primo subiecto. Unde et ipse Aristoteles in principio. vj. Metaphy. sicit: que phi-</Unicode></TextEquiv></TextLine><TextLine custom="readingOrder {index:44;}" id="r2l54"><Coords points="1152,7492 1380,7488 1608,7484 1836,7480 2064,7478 2292,7476 2520,7474 2748,7472 2976,7472 3204,7472 3432,7472 3660,7472 3888,7472 4116,7472 4344,7472 4572,7472 4800,7474 5028,7474 5256,7474 5484,7474 5712,7476 5712,7367 5484,7365 5256,7365 5028,7365 4800,7365 4572,7363 4344,7363 4116,7363 3888,7363 3660,7363 3432,7363 3204,7363 2976,7363 2748,7363 2520,7365 2292,7367 2064,7369 1836,7371 1608,7375 1380,7379 1152,7383"/><Baseline points="1152,7456 1380,7452 1608,7448 1836,7444 2064,7442 2292,7440 2520,7438 2748,7436 2976,7436 3204,7436 3432,7436 3660,7436 3888,7436 4116,7436 4344,7436 4572,7436 4800,7438 5028,7438 5256,7438 5484,7438 5712,7440"/><TextEquiv><Unicode>losophia est scientia circa quoddam genus entis et circa substantiam / in qua est prin</Unicode></TextEquiv></TextLine><TextLine custom="readingOrder {index:45;}" id="line_1653150084756_397"><Coords points="1188,7533 1391,7529 1595,7525 2003,7519 2410,7515 2614,7513 3022,7511 3837,7511 5728,7517 5728,7626 5264,7632 1188,7642"/><Baseline points="1188,7606 1391,7602 1595,7598 1799,7596 2003,7592 2207,7590 2410,7588 2614,7586 2818,7586 3022,7584 3226,7584 3429,7584 3633,7584 3837,7584 4041,7586 4245,7586 4448,7588 4652,7590 4856,7592 5060,7594 5264,7596 5604,7590 5635,7590 5666,7590 5697,7590 5728,7590"/><TextEquiv><Unicode>cipium motus et status: hoc autem est corpus naturale secundum principia Aristotelis. Ad</Unicode></TextEquiv></TextLine><TextLine custom="readingOrder {index:46;}" id="r2l57"><Coords points="1166,7784 1406,7782 1646,7780 1886,7778 2127,7776 2367,7776 2607,7776 2848,7774 3088,7774 3328,7774 3569,7774 3809,7774 4049,7774 4289,7774 4530,7774 4770,7773 5010,7772 5251,7772 5491,7772 5731,7772 5972,7770 5972,7661 5731,7663 5491,7663 5251,7663 5010,7663 4770,7664 4530,7665 4289,7665 4049,7665 3809,7665 3569,7665 3328,7665 3088,7665 2848,7665 2607,7667 2367,7667 2127,7667 1886,7669 1646,7671 1406,7673 1166,7675"/><Baseline points="1166,7748 1406,7746 1646,7744 1886,7742 2127,7740 2367,7740 2607,7740 2848,7738 3088,7738 3328,7738 3569,7738 3809,7738 4049,7738 4289,7738 4530,7738 4770,7737 5010,7736 5251,7736 5491,7736 5731,7736 5972,7734"/><TextEquiv><Unicode>hanc sententiam etiam ipse Scotus. vj. Metaphy. tenet substantiam corpoream esse</Unicode></TextEquiv></TextLine><TextLine custom="readingOrder {index:47;}" id="r2l58"><Coords points="1180,7937 1425,7935 1671,7932 1917,7929 2163,7929 2409,7927 2655,7925 2901,7925 3147,7925 3393,7925 3639,7925 3884,7925 4130,7927 4376,7927 4622,7927 4868,7927 5114,7927 5360,7927 5606,7927 5852,7927 6098,7927 6098,7816 5852,7816 5606,7816 5360,7816 5114,7816 4868,7816 4622,7816 4376,7816 4130,7816 3884,7814 3639,7814 3393,7814 3147,7814 2901,7814 2655,7814 2409,7816 2163,7818 1917,7818 1671,7821 1425,7824 1180,7826"/><Baseline points="1180,7900 1425,7898 1671,7895 1917,7892 2163,7892 2409,7890 2655,7888 2901,7888 3147,7888 3393,7888 3639,7888 3884,7888 4130,7890 4376,7890 4622,7890 4868,7890 5114,7890 5360,7890 5606,7890 5852,7890 6098,7890"/><TextEquiv><Unicode>subiectum philosophie naturalis. Sed quia secundum veritatem quam etiam tenet fides</Unicode></TextEquiv></TextLine><TextLine custom="readingOrder {index:48;}" id="r2l59"><Coords points="1152,8087 1389,8083 1626,8081 1864,8079 2101,8079 2339,8077 2576,8077 2813,8077 3051,8077 3288,8077 3526,8079 3763,8079 4000,8079 4238,8081 4475,8081 4713,8081 4950,8081 5187,8081 5425,8081 5662,8081 5900,8081 5900,7970 5662,7970 5425,7970 5187,7970 4950,7970 4713,7970 4475,7970 4238,7970 4000,7968 3763,7968 3526,7968 3288,7966 3051,7966 2813,7966 2576,7966 2339,7966 2101,7968 1864,7968 1626,7970 1389,7972 1152,7976"/><Baseline points="1152,8050 1389,8046 1626,8044 1864,8042 2101,8042 2339,8040 2576,8040 2813,8040 3051,8040 3288,8040 3526,8042 3763,8042 4000,8042 4238,8044 4475,8044 4713,8044 4950,8044 5187,8044 5425,8044 5662,8044 5900,8044"/><TextEquiv><Unicode>catholica / aliquid est per se mobile motu locali / quod non est corpus vt angelus:</Unicode></TextEquiv></TextLine><TextLine custom="readingOrder {index:49;}" id="r2l60"><Coords points="1168,8233 1406,8231 1645,8231 1883,8229 2122,8229 2361,8229 2599,8229 2838,8229 3076,8229 3315,8229 3554,8229 3792,8231 4031,8231 4269,8231 4508,8231 4747,8231 4985,8231 5224,8231 5462,8231 5701,8231 5940,8229 5940,8118 5701,8120 5462,8120 5224,8120 4985,8120 4747,8120 4508,8120 4269,8120 4031,8120 3792,8120 3554,8118 3315,8118 3076,8118 2838,8118 2599,8118 2361,8118 2122,8118 1883,8118 1645,8120 1406,8120 1168,8122"/><Baseline points="1168,8196 1406,8194 1645,8194 1883,8192 2122,8192 2361,8192 2599,8192 2838,8192 3076,8192 3315,8192 3554,8192 3792,8194 4031,8194 4269,8194 4508,8194 4747,8194 4985,8194 5224,8194 5462,8194 5701,8194 5940,8192"/><TextEquiv><Unicode>anima rationalis a corpore separata / etiam motu continuo et successiuo: vt probat</Unicode></TextEquiv></TextLine><TextLine custom="readingOrder {index:50;}" id="r2l61"><Coords points="1244,8395 1463,8393 1683,8393 1902,8391 2122,8391 2342,8391 2561,8391 2781,8391 3000,8391 3220,8393 3440,8393 3659,8393 3879,8393 4098,8393 4318,8395 4538,8395 4757,8395 4977,8393 5196,8393 5416,8393 5636,8391 5636,8280 5416,8282 5196,8282 4977,8282 4757,8284 4538,8284 4318,8284 4098,8282 3879,8282 3659,8282 3440,8282 3220,8282 3000,8280 2781,8280 2561,8280 2342,8280 2122,8280 1902,8280 1683,8282 1463,8282 1244,8284"/><Baseline points="1244,8358 1463,8356 1683,8356 1902,8354 2122,8354 2342,8354 2561,8354 2781,8354 3000,8354 3220,8356 3440,8356 3659,8356 3879,8356 4098,8356 4318,8358 4538,8358 4757,8358 4977,8356 5196,8356 5416,8356 5636,8354"/><TextEquiv><Unicode>Scotus. ij. sen. dist. ij. q. ix. Ideo motus in plus se habet quam corpus naturale: et con</Unicode></TextEquiv></TextLine><TextEquiv><Unicode>matica medium tenens consyderat ea que licet habeant esse in materia / tamen diffiniuntur
sine materia: vt patet de circulo et alijs mathematicalibus. Mathematica rursus
solet diuidi in quattuor scientias quadriuiales: Arithmeticam / Musicam / Geo-
metriam et Astronomiam. ¶ Sciendum secundo que subiectum scientie vel genus scibi
le dicitur materia circa quam principalis est consyderatio scientie: et diffinitur sic secundum Sco. in
prolo. q. iij. Subiectum primum est illud quod primo virtualiter continet omnes veritates illius
scientie cuius est subiectum. Ad cuius declarationem scias que continentia est multiplex:
quedam essentialis / qua inferius continet suum superius. Alia est vnitiua / qua prius con
tinet posterius: cum quo est idem realiter / distinctum tamen formaliter: vt anima continet suas
potentias. Alia est potentialis / qua superius continet suum inferius. Alia virtualis / quam
causa efficiens continet suum effectum. Nam continere virtualiter aliud / est posse illud pro-
ducere: vel in esse reali / vt deus continet omnia producibilia: vel in esse cognito subie
ctum dicitur continere suas passiones: noticia enim subiecti nata est causare noticiam
passionis: hoc etiam modo subiectum primum continet totam noticiam seu scientiam que
est de ipso subiecto. Et hoc probatur secundum Sco. vbi supra dupliciter. Primo quia subie-
ctum primum continet propositiones immediatas seu premissas demonstrationis: nam subie
ctum continet predicatum et per consequens euidentiam totius propositionis immediate: proposi-
tiones autem immediate continent conclusiones: ergo primum subiectum continet tam premissas
quam conclusiones / et per consequens omnes veritates: hoc est / propositiones necessarias que
sunt de illo subiecto. Secundo: quia primitas accipitur hic / vt dicit adequationem: subiec-
ctum autem est causa scientie (nam secundum Augustinum a cognoscente et cognito pariter noticia)
ergo subiectum continet virtualiter scientiam de se sicut causa suum effectum: et per consequens
si est subiectum primum / hoc est adequatum: continet virtualiter primo / id est adequate to
tam noticiam de illo subiecto. ¶ Premissa breuiter diffinitione subiecti primi / sci
endum tertio: que de subiecto primo naturalis philosophie diuerse opiniones:
Dicunt enim Auicenna / Commen. Albertus magnus et Egidius romanus / que corpus mo-
bile est subiectum adequatum philosophie naturalis. Alia est opinio doctoris sancti
Buridani et multorum aliorum / que ens mobile est in naturali philosophia subiectum
adequatum. Ad saluandas autem has duas opiniones notanda sunt duo. Primum
que mobile in vtraque harum non debet capi proprie: vt dicit passionem adequate con-
uenientem subiecto huius scientie: quia mobile sic acceptum additum enti vel corpori consti
tueret ens per accidens / sicut quelibet passio addita suo subiecto. De ente autem per
accidens (vt dicitur. vj. Metaphysice) non est scientia. Sed mobile in vtraque debet
accipi circumlocutiue / pro ipsa ratione formali subiecti: vt naturalitate per quam hec
passio mobile inest suo subiecto tam quam per suam causam adequatam. Ita que subiectum philosophie secundum
primam opinionem sit corpus naturale / et secundum opinionem secundam ens naturale. Secundum quod
circa predictas opiniones consyderare oportet / est hex maxima: In vnaquamque scientia illud assi-
gnandum est primum subiectum / cui adequate conuenit passio prima et adequata illi scientie. Cum igitur
motus seu mobilitas sit passio prima et adequata scientie naturali: sequitur que illud hic erit pri
mum subiectum / cui motus conuenit adequate seu conuertibiliter. Et quia secundum phi
losophiam traditam ab Aristotele / corpus et mobile conuertuntur: vt patet ex. vj.
Physi. Nam secundum Aristo. omne corpus est mobile: et omne mobile est corpus: ideo
in philosophia naturali ab Aristote. tradita / corpus naturale oportet ponere pro
primo subiecto. Unde et ipse Aristoteles in principio. vj. Metaphy. sicit: que phi-
losophia est scientia circa quoddam genus entis et circa substantiam / in qua est prin
cipium motus et status: hoc autem est corpus naturale secundum principia Aristotelis. Ad
hanc sententiam etiam ipse Scotus. vj. Metaphy. tenet substantiam corpoream esse
subiectum philosophie naturalis. Sed quia secundum veritatem quam etiam tenet fides
catholica / aliquid est per se mobile motu locali / quod non est corpus vt angelus:
anima rationalis a corpore separata / etiam motu continuo et successiuo: vt probat
Scotus. ij. sen. dist. ij. q. ix. Ideo motus in plus se habet quam corpus naturale: et con</Unicode></TextEquiv></TextRegion></Page></PcGts>