6954 9579
2018 577 4674 712 Tractatus Primus
1254 831 5584 957 ratio ponitur in textu: quia si esset generabilis / esset genita antequam generaretur: cum
1138 980 5996 1109 ipsa presupponantur in qualibet generatione: similiter si esset corruptibilis / esset corru
1356 1137 6160 1243 pta antequam corrumperetur: hoc est postquam esset corrupta adhuc maneret incorrupta:
1174 1283 6228 1402 quia materia manet post quamlibet corruptionem naturalem. Unde et Aristote. primo
1206 1436 5886 1554 physicorum de materia dicit: et si quid corrumpitur in hoc abibit vltimum. i. in materiam
1208 1584 6080 1698 vltimo resoluitur. Alio modo dicitur aliquid generabile et corruptibile subiectiue
1202 1735 6194 1852 quia scilicet est subiectum generationis aut corruptionis: sicut illud dicitur mobile quod
1172 1883 5972 1998 est subiectum motus: et sic materia bene est generabilis vel corruptibilis: quia ipsa
1166 2033 5758 2148 est subiectum cuiuslibet generationis et corruptionis substantialis: vt dicit Aristote.
1206 2187 6224 2302 primo de generatione. Ad hunc sensum etiam Commen. primo physicorum dicit que materia
1172 2339 6104 2456 est que in rei veritate generatur. i. que est verum subiectum generationis. De quo magis
1230 2485 6138 2600 dicetur in tractatu secundo: licet autem materia sit ingeneralibilis et incorruptibilis: ita
1234 2639 6214 2754 que incipiat esse de nouo per generationem / aut desinat esse per corruptionem: tamen est cre
1180 2787 6008 2902 abilis et annihilabilis a deo: unde dicitur Genesis. primo. In principio deus creauit celum
1176 2941 6218 3056 et terram. Per celum intelligitur celum empireum: per terram materia: quam deus primo cre-
1198 3089 5014 3208 auit informem: et ideo subditur: Terra autem erat inanis et vacua.
646 3443 1132 3558 Secunda
594 3593 1114 3730 ꝓprietas
584 3761 1104 3876 materie.
1278 3521 5774 3638 Est quidam appetitus naturalis in materia ad omnem formam:
1236 3971 6116 4096 et hoc est propter omnimodam imperfectionem sui a forma: unumquodque
1212 4411 5866 4536 enim ens in quo magis deficit / illud magis appetit: vnde mate-
1206 4859 5248 4990 ria appetit formam / sicut femina virum / et turpe bonum.
566 5185 1026 5310 Appetitus
566 5343 1062 5464 triplex.
578 6245 1050 6364 Duplex
598 6396 1076 6514 differentia
610 6550 856 6666 appetitus
588 6704 972 6819 natura-
584 6856 842 6965 lis ab a-
568 7009 760 7124 lijs.
1237 5022 1795 5325 Hic
1722 5097 5964 5212 ponitur secunda proprietas materie scilicet appetitus eius ad omnem formam / cuius
1386 5229 6036 5362 scilicet est naturaliter receptiua. Pro quo nota que appetitus est triplex: natu-
1320 5383 6174 5516 ralis / sensitiuus et intellectualis. Naturalis est quedam inclinatio consequens na-
1210 5536 6164 5670 turam qua vnaquamque res inclinatur et tendit ad suam perfectionem. Appetitus sensitiuus siue
1218 5686 6282 5814 animalis est qui consequitur cognitionem sensitiuam: nam cuilibet potentie cognitiue
1214 5846 6280 5966 correspondet proprius appetitus secundum Scotum. xvij. dist. iij. in solutione prime. q. et pri-
1202 5985 6066 6118 mo meta. q. ij. et. iij. Intellectualis vero appetitus seu rationalis est ille qui conse
1224 6129 6194 6268 quitur cognitionem intellectus / vt est voluntas. De appetitu sensitiuo et intellectuali
1224 6285 5964 6422 plus dicetur in tertio tractatu. Differunt autem hi duo appetitus a naturali dupliciter
1246 6445 6044 6562 quantum sufficit ad propositum. Primo: quia appetitus naturalis communior est illis. Nam
1222 6594 6266 6721 vbicumque reperiuntur sensitiuus et intellectiuus appetitus / ibi et naturalis: sed non econ
1226 6739 6180 6873 tra. Nam appetitus naturalis inuenitur in omnibus rebus naturalibus: sensitiuus solum
1230 6896 6278 7013 in animalibus: et intellectiuus tamen in his que habent intellectum. Unde appetitus sensiti
1214 7047 6222 7172 uus et intellectiuus vt sunt quedam nature / habent appetitum naturalem / quo inclinan
1236 7188 5834 7326 tur in suam naturalem perfectionem. Secundo differunt quia appetitus sensitiuus et intellecti-
1196 7348 6230 7476 uus presupponunt cognitionem appetentis: naturalis vero non: vt lapis appetit descen
1216 7493 6154 7624 dere et ignis ascendere: licet neque lapis cognoscat descensum nec ignis ascensum. Unde
1220 7647 5908 7775 lapidem naturaliter appetere descendere / non est aliud quam ipsum a natura inclinari
1212 7799 5580 7919 ad descensum: et similiter dicatur de alijs. Hoc etiam appetitu naturali materia appe
1236 7949 6006 8072 tit formam: hoc est a natura sua inclinatur ad recipiendum formam / sicut suam perfectio-
1222 8103 5676 8220 nem. Ex quo patet que principium huius appetitus est natura quam consequitur talis appeti
1224 8251 5780 8370 tus sicut effectus suam causam. Ubi scias que appetitus naturalis potest capi dupliciter.
1240 8401 6262 8528 Uno modo fundamentaliter: hoc est pro ipsa natura quam consequitur inclinatio na
