<?xml version="1.0" encoding="UTF-8" standalone="no"?><PcGts xmlns:xsi="http://www.w3.org/2001/XMLSchema-instance" xsi:schemaLocation="http://schema.primaresearch.org/PAGE/gts/pagecontent/2019-07-15 http://schema.primaresearch.org/PAGE/gts/pagecontent/2019-07-15/pagecontent.xsd" xmlns="http://schema.primaresearch.org/PAGE/gts/pagecontent/2019-07-15"><Metadata><Creator>prov=University of Rostock/Institute of Mathematics/CITlab|PLANET AI GmbH/Tobias Gruening/tobias.gruening@planet-ai.de:name=/net_tf/LA73_249_0mod360.pb:de.uros.citlab.segmentation.CITlab_LA_ML:v=2.6.7
Transkribus</Creator><Created>2022-05-16T13:42:33</Created><LastChange>2022-12-22T20:41:53</LastChange><Comments>
                Measurement unit: pixel
                PrimaryLanguage: 
                Producer: Transkribus
            </Comments></Metadata><Page imageFilename="16526980418888bsb10981020-0064.jpg" imageHeight="9579" imageWidth="6837"><ReadingOrder><OrderedGroup caption="Regions reading order" id="ro_1671738113456"><RegionRefIndexed index="0" regionRef="TextRegion_1653421700879_517"/><RegionRefIndexed index="1" regionRef="TextRegion_1653421705247_523"/><RegionRefIndexed index="2" regionRef="TextRegion_1653421705247_522"/><RegionRefIndexed index="3" regionRef="TextRegion_1653421680484_490"/><RegionRefIndexed index="4" regionRef="TextRegion_1653421693142_507"/></OrderedGroup></ReadingOrder><TextRegion custom="readingOrder {index:0;} structure {type:header;}" id="TextRegion_1653421700879_517" orientation="0.0" type="header"><Coords points="592,482 5795,482 5795,689 592,689"/><TextLine custom="readingOrder {index:0;}" id="line_1653586259280_108"><Coords points="1206,500 2173,486 2622,482 5523,490 5795,496 5795,607 4928,647 1270,613 1206,611"/><Baseline points="1206,574 1270,576 1335,576 1399,576 1464,575 1528,574 1593,572 1657,572 1722,570 1786,568 1851,566 1915,564 1980,563 2044,562 2109,561 2173,560 2238,560 2302,561 2367,562 2431,562 2496,564 2622,556 2735,558 2848,560 2961,562 3074,562 3188,562 3301,564 3414,564 3527,564 3640,564 3754,564 3867,564 3980,564 4093,564 4206,564 4320,564 4433,564 4546,566 4659,566 4772,566 4886,568 4928,610 4973,600 5019,592 5065,585 5111,579 5157,573 5202,569 5248,568 5294,565 5340,564 5386,564 5431,564 5477,564 5523,564 5569,566 5615,567 5660,568 5706,570 5752,570 5795,570"/><TextEquiv><Unicode>Paruuli philosophie natu. Fo. XXXII</Unicode></TextEquiv></TextLine><TextEquiv><Unicode>Paruuli philosophie natu. Fo. XXXII</Unicode></TextEquiv></TextRegion><TextRegion custom="readingOrder {index:1;} structure {type:paragraph;}" id="TextRegion_1653421705247_523" orientation="0.0" type="paragraph"><Coords points="592,689 5795,689 5795,3965 592,3965"/><TextLine custom="readingOrder {index:0;}" id="line_1653421669339_471"><Coords points="688,732 1309,751 1547,746 1785,744 2022,740 2260,738 2498,738 2735,736 3686,736 3924,738 4162,740 4399,742 4637,744 4875,746 5112,748 5350,750 5588,752 5795,755 5795,866 5588,863 5350,861 5112,859 4875,857 4637,855 4399,853 4162,851 3924,849 3686,847 2735,847 2498,849 2260,849 2022,851 1785,855 1547,857 1309,862 688,843"/><Baseline points="1072,830 1309,825 1547,820 1785,818 2022,814 2260,812 2498,812 2735,810 2973,810 3211,810 3449,810 3686,810 3924,812 4162,814 4399,816 4637,818 4875,820 5112,822 5350,824 5588,826 5795,829"/><TextEquiv><Unicode>lans illas partes. Hec enim tria sunt de ratione cuiuslibet continui: vt supra dictum est de diui</Unicode></TextEquiv></TextLine><TextLine custom="readingOrder {index:1;}" id="r1l5"><Coords points="724,1011 974,1009 1224,1007 1474,1005 1724,1003 1974,1001 2224,1001 2474,999 2724,999 2974,997 3225,997 3475,997 3725,997 3975,999 4225,999 4475,1001 4725,1003 4975,1006 5225,1009 5475,1013 5726,1017 5726,906 5475,902 5225,898 4975,895 4725,892 4475,890 4225,888 3975,888 3725,886 3475,886 3225,886 2974,886 2724,888 2474,888 2224,890 1974,890 1724,892 1474,894 1224,896 974,898 724,900"/><Baseline points="724,974 974,972 1224,970 1474,968 1724,966 1974,964 2224,964 2474,962 2724,962 2974,960 3225,960 3475,960 3725,960 3975,962 4225,962 4475,964 4725,966 4975,969 5225,972 5475,976 5726,980"/><TextEquiv><Unicode>sione motus. Secunda suppositio: Omne quod mouetur est diuisibile: quia secundum Aristo.</Unicode></TextEquiv></TextLine><TextLine custom="readingOrder {index:2;}" id="r1l6"><Coords points="752,1171 1003,1165 1255,1161 1506,1157 1758,1153 2010,1151 2261,1149 2513,1149 2764,1147 3016,1147 3268,1147 3519,1149 3771,1149 4022,1151 4274,1153 4526,1155 4777,1157 5029,1159 5280,1163 5532,1165 5784,1167 5784,1056 5532,1054 5280,1052 5029,1048 4777,1046 4526,1044 4274,1042 4022,1040 3771,1038 3519,1038 3268,1036 3016,1036 2764,1036 2513,1038 2261,1038 2010,1040 1758,1042 1506,1046 1255,1050 1003,1054 752,1060"/><Baseline points="752,1134 1003,1128 1255,1124 1506,1120 1758,1116 2010,1114 2261,1112 2513,1112 2764,1110 3016,1110 3268,1110 3519,1112 3771,1112 4022,1114 4274,1116 4526,1118 4777,1120 5029,1122 5280,1126 5532,1128 5784,1130"/><TextEquiv><Unicode>vj. physi. indiuisibile non potest per se moueri: quod quomodo verum est / expositum</Unicode></TextEquiv></TextLine><TextLine custom="readingOrder {index:3;}" id="r1l7"><Coords points="744,1318 996,1314 1248,1312 1501,1310 1753,1308 2006,1306 2258,1305 2510,1304 2763,1302 3015,1302 3268,1302 3520,1302 3772,1302 4025,1304 4277,1304 4530,1306 4782,1308 5034,1310 5287,1313 5539,1316 5792,1320 5792,1211 5539,1207 5287,1204 5034,1201 4782,1199 4530,1197 4277,1195 4025,1195 3772,1193 3520,1193 3268,1193 3015,1193 2763,1193 2510,1195 2258,1196 2006,1197 1753,1199 1501,1201 1248,1203 996,1205 744,1209"/><Baseline points="744,1282 996,1278 1248,1276 1501,1274 1753,1272 2006,1270 2258,1269 2510,1268 2763,1266 3015,1266 3268,1266 3520,1266 3772,1266 4025,1268 4277,1268 4530,1270 4782,1272 5034,1274 5287,1277 5539,1280 5792,1284"/><TextEquiv><Unicode>est supra. Tertia suppositio: Omne mobile localiter est in potentia triplici: videlicet ad</Unicode></TextEquiv></TextLine><TextLine custom="readingOrder {index:4;}" id="r1l8"><Coords points="808,1464 1054,1460 1300,1458 1547,1454 1793,1452 2040,1450 2286,1450 2532,1448 2779,1448 3025,1448 3272,1449 3518,1450 3764,1450 4011,1452 4257,1454 4504,1456 4750,1457 4996,1459 5243,1461 5489,1462 5736,1464 5736,1355 5489,1353 5243,1352 4996,1350 4750,1348 4504,1347 4257,1345 4011,1343 3764,1341 3518,1341 3272,1340 3025,1339 2779,1339 2532,1339 2286,1341 2040,1341 1793,1343 1547,1345 1300,1349 1054,1351 808,1355"/><Baseline points="808,1428 1054,1424 1300,1422 1547,1418 1793,1416 2040,1414 2286,1414 2532,1412 2779,1412 3025,1412 3272,1413 3518,1414 3764,1414 4011,1416 4257,1418 4504,1420 4750,1421 4996,1423 5243,1425 5489,1426 5736,1428"/><TextEquiv><Unicode>tenouationem vbi / loci et situs. Cuius ratio est: quia nisi esset in potentia ad illa tria:</Unicode></TextEquiv></TextLine><TextLine custom="readingOrder {index:5;}" id="r1l9"><Coords points="708,1621 961,1619 1214,1615 1468,1613 1721,1611 1975,1609 2228,1607 2481,1606 2735,1605 2988,1605 3242,1605 3495,1605 3748,1605 4002,1607 4255,1607 4509,1609 4762,1611 5015,1613 5269,1615 5522,1619 5776,1621 5776,1510 5522,1508 5269,1504 5015,1502 4762,1500 4509,1498 4255,1496 4002,1496 3748,1494 3495,1494 3242,1494 2988,1494 2735,1494 2481,1495 2228,1496 1975,1498 1721,1500 1468,1502 1214,1504 961,1508 708,1510"/><Baseline points="708,1584 961,1582 1214,1578 1468,1576 1721,1574 1975,1572 2228,1570 2481,1569 2735,1568 2988,1568 3242,1568 3495,1568 3748,1568 4002,1570 4255,1570 4509,1572 4762,1574 5015,1576 5269,1578 5522,1582 5776,1584"/><TextEquiv><Unicode>non posset moueri ad ipsa: quia motus est actus entis in potentia secundum que est in poten-</Unicode></TextEquiv></TextLine><TextLine custom="readingOrder {index:6;}" id="r1l10"><Coords points="674,1779 917,1773 1160,1769 1403,1765 1646,1761 1890,1759 2133,1757 2376,1757 2619,1757 2862,1755 3106,1757 3349,1757 3592,1757 3835,1759 4078,1759 4322,1761 4565,1761 4808,1763 5051,1763 5294,1765 5538,1765 5538,1654 5294,1654 5051,1652 4808,1652 4565,1650 4322,1650 4078,1648 3835,1648 3592,1646 3349,1646 3106,1646 2862,1644 2619,1646 2376,1646 2133,1646 1890,1648 1646,1650 1403,1654 1160,1658 917,1662 674,1668"/><Baseline points="674,1742 917,1736 1160,1732 1403,1728 1646,1724 1890,1722 2133,1720 2376,1720 2619,1720 2862,1718 3106,1720 3349,1720 3592,1720 3835,1722 4078,1722 4322,1724 4565,1724 4808,1726 5051,1726 5294,1728 5538,1728"/><TextEquiv><Unicode>tia. Circa quod consyderandum: que mobile non eodem modo est in potentia ad illa tria. Nam</Unicode></TextEquiv></TextLine><TextLine custom="readingOrder {index:7;}" id="r1l11"><Coords points="680,1906 1092,1911 1336,1910 1581,1909 1825,1907 2070,1907 2314,1907 2558,1907 2803,1907 3047,1907 3292,1907 3536,1908 3780,1909 4025,1909 4269,1911 4514,1911 4758,1911 5002,1913 5247,1913 5491,1913 5736,1913 5736,1802 5491,1802 5247,1802 5002,1802 4758,1800 4514,1800 4269,1800 4025,1798 3780,1798 3536,1797 3292,1796 3047,1796 2803,1796 2558,1796 2314,1796 2070,1796 1825,1796 1581,1798 1336,1799 1092,1800 680,1795"/><Baseline points="848,1878 1092,1874 1336,1873 1581,1872 1825,1870 2070,1870 2314,1870 2558,1870 2803,1870 3047,1870 3292,1870 3536,1871 3780,1872 4025,1872 4269,1874 4514,1874 4758,1874 5002,1876 5247,1876 5491,1876 5736,1876"/><TextEquiv><Unicode>vt dictum est supra: motus localis est in potentia ad vbi / sicut ad terminum intrinsecum:</Unicode></TextEquiv></TextLine><TextLine custom="readingOrder {index:8;}" id="r1l12"><Coords points="672,2071 890,2067 1108,2065 1326,2063 1544,2061 1762,2059 1980,2059 2198,2059 2416,2059 2634,2059 2853,2059 3071,2059 3289,2059 3507,2059 3725,2061 3943,2061 4161,2061 4379,2061 4597,2059 4815,2059 5776,2031 5776,1925 4815,1953 4597,1953 4379,1955 4161,1955 3943,1955 3725,1955 3507,1953 3289,1953 3071,1953 2853,1953 2634,1953 2416,1953 2198,1953 1980,1953 1762,1953 1544,1955 1326,1957 1108,1959 890,1961 672,1965"/><Baseline points="672,2036 890,2032 1108,2030 1326,2028 1544,2026 1762,2024 1980,2024 2198,2024 2416,2024 2634,2024 2853,2024 3071,2024 3289,2024 3507,2024 3725,2026 3943,2026 4161,2026 4379,2026 4597,2024 4815,2024 5034,2022"/><TextEquiv><Unicode>ad locum vero et ad situm seu positionem / sicut ad terminum extrinsecum. Solum enim il</Unicode></TextEquiv></TextLine><TextLine custom="readingOrder {index:9;}" id="line_1653421669341_475"><Coords points="682,2108 1254,2108 1541,2106 1827,2104 2114,2102 2400,2102 2686,2100 2973,2098 3832,2098 4118,2100 4405,2102 4691,2104 4978,2108 5264,2113 5550,2120 5795,2125 5795,2230 5550,2225 5264,2218 4978,2213 4691,2209 4405,2207 4118,2205 3832,2203 2973,2203 2686,2205 2400,2207 2114,2207 1827,2209 1541,2211 1254,2213 682,2213"/><Baseline points="682,2178 968,2178 1254,2178 1541,2176 1827,2174 2114,2172 2400,2172 2686,2170 2973,2168 3259,2168 3546,2168 3832,2168 4118,2170 4405,2172 4691,2174 4978,2178 5264,2183 5550,2190 5795,2195"/><TextEquiv><Unicode>lud dicitur terminus intrinsecus motus / quod est eiusdem essentie cum motu mate-</Unicode></TextEquiv></TextLine><TextLine custom="readingOrder {index:10;}" id="r1l15"><Coords points="662,2363 914,2363 1167,2363 1420,2363 1673,2363 1926,2363 2178,2363 2431,2363 2684,2361 2937,2361 3190,2361 3442,2361 3695,2361 3948,2361 4201,2363 4454,2363 4706,2365 4959,2365 5212,2368 5465,2371 5718,2373 5718,2262 5465,2260 5212,2257 4959,2254 4706,2254 4454,2252 4201,2252 3948,2250 3695,2250 3442,2250 3190,2250 2937,2250 2684,2250 2431,2252 2178,2252 1926,2252 1673,2252 1420,2252 1167,2252 914,2252 662,2252"/><Baseline points="662,2326 914,2326 1167,2326 1420,2326 1673,2326 1926,2326 2178,2326 2431,2326 2684,2324 2937,2324 3190,2324 3442,2324 3695,2324 3948,2324 4201,2326 4454,2326 4706,2328 4959,2328 5212,2331 5465,2334 5718,2336"/><TextEquiv><Unicode>rialiter sumpto. Quarta suppositio: Predicta potentia: hoc est / motus localis est</Unicode></TextEquiv></TextLine><TextLine custom="readingOrder {index:11;}" id="r1l17"><Coords points="688,2527 938,2521 1189,2517 1440,2515 1691,2513 1942,2511 2192,2511 2443,2511 2694,2511 2945,2511 3196,2513 3446,2513 3697,2515 3948,2517 4199,2519 4450,2519 4700,2521 4951,2523 5202,2523 5453,2525 5704,2525 5704,2414 5453,2414 5202,2412 4951,2412 4700,2410 4450,2408 4199,2408 3948,2406 3697,2404 3446,2402 3196,2402 2945,2400 2694,2400 2443,2400 2192,2400 1942,2400 1691,2402 1440,2404 1189,2406 938,2410 688,2416"/><Baseline points="688,2490 938,2484 1189,2480 1440,2478 1691,2476 1942,2474 2192,2474 2443,2474 2694,2474 2945,2474 3196,2476 3446,2476 3697,2478 3948,2480 4199,2482 4450,2482 4700,2484 4951,2486 5202,2486 5453,2488 5704,2488"/><TextEquiv><Unicode>diuisibilis secundum diuisionem magnitudinis / vbi / loci et situs. Hoc patetet ex vj. physico.</Unicode></TextEquiv></TextLine><TextLine custom="readingOrder {index:12;}" id="r1l18"><Coords points="714,2679 965,2675 1217,2671 1468,2667 1720,2665 1971,2663 2223,2661 2474,2661 2726,2660 2977,2659 3229,2659 3480,2661 3732,2661 3983,2663 4235,2664 4486,2665 4738,2667 4989,2669 5241,2671 5492,2673 5744,2677 5744,2566 5492,2562 5241,2560 4989,2558 4738,2556 4486,2554 4235,2553 3983,2552 3732,2550 3480,2550 3229,2548 2977,2548 2726,2549 2474,2550 2223,2550 1971,2552 1720,2554 1468,2556 1217,2560 965,2564 714,2568"/><Baseline points="714,2642 965,2638 1217,2634 1468,2630 1720,2628 1971,2626 2223,2624 2474,2624 2726,2623 2977,2622 3229,2622 3480,2624 3732,2624 3983,2626 4235,2627 4486,2628 4738,2630 4989,2632 5241,2634 5492,2636 5744,2640"/><TextEquiv><Unicode>vbi dicitur: que motus / tempus / magnitudo in qua fit motus / et terminus ad quem conformiter</Unicode></TextEquiv></TextLine><TextLine custom="readingOrder {index:13;}" id="r1l19"><Coords points="740,2825 991,2821 1242,2819 1494,2816 1745,2814 1997,2813 2248,2811 2499,2811 2751,2811 3002,2811 3254,2811 3505,2811 3756,2811 4008,2813 4259,2815 4511,2817 4762,2819 5013,2820 5265,2823 5516,2825 5768,2827 5768,2716 5516,2714 5265,2712 5013,2709 4762,2708 4511,2706 4259,2704 4008,2702 3756,2700 3505,2700 3254,2700 3002,2700 2751,2700 2499,2700 2248,2700 1997,2702 1745,2703 1494,2705 1242,2708 991,2710 740,2714"/><Baseline points="740,2788 991,2784 1242,2782 1494,2779 1745,2777 1997,2776 2248,2774 2499,2774 2751,2774 3002,2774 3254,2774 3505,2774 3756,2774 4008,2776 4259,2778 4511,2780 4762,2782 5013,2783 5265,2786 5516,2788 5768,2790"/><TextEquiv><Unicode>diuiduntur: vt declaratum est circa textum precendetem: et supra circa illum textum:</Unicode></TextEquiv></TextLine><TextLine custom="readingOrder {index:14;}" id="r1l20"><Coords points="670,2981 920,2977 1171,2973 1421,2971 1672,2969 1922,2967 2173,2965 2423,2965 2674,2965 2924,2965 3175,2965 3425,2965 3676,2967 3926,2967 4177,2969 4427,2969 4678,2971 4928,2973 5179,2975 5429,2977 5680,2979 5680,2868 5429,2866 5179,2864 4928,2862 4678,2860 4427,2858 4177,2858 3926,2856 3676,2856 3425,2854 3175,2854 2924,2854 2674,2854 2423,2854 2173,2854 1922,2856 1672,2858 1421,2860 1171,2862 920,2866 670,2870"/><Baseline points="670,2944 920,2940 1171,2936 1421,2934 1672,2932 1922,2930 2173,2928 2423,2928 2674,2928 2924,2928 3175,2928 3425,2928 3676,2930 3926,2930 4177,2932 4427,2932 4678,2934 4928,2936 5179,2938 5429,2940 5680,2942"/><TextEquiv><Unicode>omne quod mouetur / mouebatur et mouebitur. Premissis istis suppositionibus</Unicode></TextEquiv></TextLine><TextLine custom="readingOrder {index:15;}" id="r1l21"><Coords points="658,3131 913,3128 1169,3125 1424,3121 1680,3119 1935,3117 2191,3117 2446,3115 2702,3115 2957,3115 3213,3115 3468,3115 3724,3115 3979,3117 4235,3117 4490,3119 4746,3121 5001,3123 5257,3125 5512,3129 5768,3131 5768,3020 5512,3018 5257,3014 5001,3012 4746,3010 4490,3008 4235,3006 3979,3006 3724,3004 3468,3004 3213,3004 2957,3004 2702,3004 2446,3004 2191,3006 1935,3006 1680,3008 1424,3010 1169,3014 913,3017 658,3020"/><Baseline points="658,3094 913,3091 1169,3088 1424,3084 1680,3082 1935,3080 2191,3080 2446,3078 2702,3078 2957,3078 3213,3078 3468,3078 3724,3078 3979,3080 4235,3080 4490,3082 4746,3084 5001,3086 5257,3088 5512,3092 5768,3094"/><TextEquiv><Unicode>probatur sic diffinitio ex tex. Cuiuslibet diuisibilis est aliqua mensura: sed motus est</Unicode></TextEquiv></TextLine><TextLine custom="readingOrder {index:16;}" id="r1l22"><Coords points="642,3279 895,3277 1148,3275 1401,3273 1654,3273 1907,3271 2160,3269 2413,3269 2666,3267 2919,3267 3173,3267 3426,3267 3679,3267 3932,3267 4185,3267 4438,3267 4691,3269 4944,3271 5197,3273 5450,3275 5704,3279 5704,3168 5450,3164 5197,3162 4944,3160 4691,3158 4438,3156 4185,3156 3932,3156 3679,3156 3426,3156 3173,3156 2919,3156 2666,3156 2413,3158 2160,3158 1907,3160 1654,3162 1401,3162 1148,3164 895,3166 642,3168"/><Baseline points="642,3242 895,3240 1148,3238 1401,3236 1654,3236 1907,3234 2160,3232 2413,3232 2666,3230 2919,3230 3173,3230 3426,3230 3679,3230 3932,3230 4185,3230 4438,3230 4691,3232 4944,3234 5197,3236 5450,3238 5704,3242"/><TextEquiv><Unicode>diuisibilis / vt patet ex suppositionibus: ergo ipsius motus est aliqua mensura: et non</Unicode></TextEquiv></TextLine><TextLine custom="readingOrder {index:17;}" id="r1l23"><Coords points="704,3433 954,3429 1205,3426 1456,3423 1707,3421 1958,3419 2209,3419 2460,3419 2711,3419 2962,3419 3213,3420 3463,3421 3714,3421 3965,3423 4216,3424 4467,3425 4718,3426 4969,3427 5220,3427 5471,3427 5722,3427 5722,3316 5471,3316 5220,3316 4969,3316 4718,3315 4467,3314 4216,3313 3965,3312 3714,3310 3463,3310 3213,3309 2962,3308 2711,3308 2460,3308 2209,3308 1958,3308 1707,3310 1456,3312 1205,3315 954,3318 704,3322"/><Baseline points="704,3396 954,3392 1205,3389 1456,3386 1707,3384 1958,3382 2209,3382 2460,3382 2711,3382 2962,3382 3213,3383 3463,3384 3714,3384 3965,3386 4216,3387 4467,3388 4718,3389 4969,3390 5220,3390 5471,3390 5722,3390"/><TextEquiv><Unicode>potest esse alia quam tempus: quia opportet mensuram esse homo geneam: hoc est proportionabile suo men</Unicode></TextEquiv></TextLine><TextLine custom="readingOrder {index:18;}" id="r1l24"><Coords points="654,3583 906,3580 1158,3577 1410,3575 1662,3575 1914,3573 2166,3573 2418,3573 2670,3573 2922,3573 3174,3573 3426,3573 3678,3573 3930,3573 4182,3573 4434,3573 4686,3575 4938,3575 5190,3575 5442,3573 5694,3573 5694,3467 5442,3467 5190,3469 4938,3469 4686,3469 4434,3467 4182,3467 3930,3467 3678,3467 3426,3467 3174,3467 2922,3467 2670,3467 2418,3467 2166,3467 1914,3467 1662,3469 1410,3469 1158,3471 906,3474 654,3477"/><Baseline points="654,3548 906,3545 1158,3542 1410,3540 1662,3540 1914,3538 2166,3538 2418,3538 2670,3538 2922,3538 3174,3538 3426,3538 3678,3538 3930,3538 4182,3538 4434,3538 4686,3540 4938,3540 5190,3540 5442,3538 5694,3538"/><TextEquiv><Unicode>surato / ex. x. metaphy. sed motus est continuus et successiuus: ergo oportet mensuram eius esse</Unicode></TextEquiv></TextLine><TextLine custom="readingOrder {index:19;}" id="r1l25"><Coords points="638,3729 890,3727 1143,3727 1396,3725 1649,3725 1902,3725 2154,3723 2407,3723 2660,3723 2913,3721 3166,3721 3418,3721 3671,3721 3924,3721 4177,3721 4430,3721 4682,3719 4935,3719 5188,3719 5441,3719 5694,3719 5694,3613 5441,3613 5188,3613 4935,3613 4682,3613 4430,3615 4177,3615 3924,3615 3671,3615 3418,3615 3166,3615 2913,3615 2660,3617 2407,3617 2154,3617 1902,3619 1649,3619 1396,3619 1143,3621 890,3621 638,3623"/><Baseline points="638,3694 890,3692 1143,3692 1396,3690 1649,3690 1902,3690 2154,3688 2407,3688 2660,3688 2913,3686 3166,3686 3418,3686 3671,3686 3924,3686 4177,3686 4430,3686 4682,3684 4935,3684 5188,3684 5441,3684 5694,3684"/><TextEquiv><Unicode>continuam et successiuam: et tale nihil videtur esse aliud propter tempus: ergo tempus est mensura motus</Unicode></TextEquiv></TextLine><TextLine custom="readingOrder {index:20;}" id="r1l26"><Coords points="636,3887 893,3887 1150,3889 1408,3889 1665,3889 1923,3887 2180,3887 2437,3887 2695,3887 2952,3885 3210,3885 3467,3885 3724,3885 3982,3883 4239,3883 4496,3883 4754,3885 5011,3885 5269,3885 5526,3887 5784,3889 5784,3778 5526,3776 5269,3774 5011,3774 4754,3774 4496,3772 4239,3772 3982,3772 3724,3774 3467,3774 3210,3774 2952,3774 2695,3776 2437,3776 2180,3776 1923,3776 1665,3778 1408,3778 1150,3778 893,3776 636,3776"/><Baseline points="636,3850 893,3850 1150,3852 1408,3852 1665,3852 1923,3850 2180,3850 2437,3850 2695,3850 2952,3848 3210,3848 3467,3848 3724,3848 3982,3846 4239,3846 4496,3846 4754,3848 5011,3848 5269,3848 5526,3850 5784,3852"/><TextEquiv><Unicode>secundum prius et posterius: hoc est / inquantum in ipso est aliquid prius et aliquid posterius.</Unicode></TextEquiv></TextLine><TextEquiv><Unicode>lans illas partes. Hec enim tria sunt de ratione cuiuslibet continui: vt supra dictum est de diui
sione motus. Secunda suppositio: Omne quod mouetur est diuisibile: quia secundum Aristo.
vj. physi. indiuisibile non potest per se moueri: quod quomodo verum est / expositum
est supra. Tertia suppositio: Omne mobile localiter est in potentia triplici: videlicet ad
tenouationem vbi / loci et situs. Cuius ratio est: quia nisi esset in potentia ad illa tria:
non posset moueri ad ipsa: quia motus est actus entis in potentia secundum que est in poten-
tia. Circa quod consyderandum: que mobile non eodem modo est in potentia ad illa tria. Nam
vt dictum est supra: motus localis est in potentia ad vbi / sicut ad terminum intrinsecum:
ad locum vero et ad situm seu positionem / sicut ad terminum extrinsecum. Solum enim il
lud dicitur terminus intrinsecus motus / quod est eiusdem essentie cum motu mate-
rialiter sumpto. Quarta suppositio: Predicta potentia: hoc est / motus localis est
diuisibilis secundum diuisionem magnitudinis / vbi / loci et situs. Hoc patetet ex vj. physico.
vbi dicitur: que motus / tempus / magnitudo in qua fit motus / et terminus ad quem conformiter
diuiduntur: vt declaratum est circa textum precendetem: et supra circa illum textum:
omne quod mouetur / mouebatur et mouebitur. Premissis istis suppositionibus
probatur sic diffinitio ex tex. Cuiuslibet diuisibilis est aliqua mensura: sed motus est
diuisibilis / vt patet ex suppositionibus: ergo ipsius motus est aliqua mensura: et non
potest esse alia quam tempus: quia opportet mensuram esse homo geneam: hoc est proportionabile suo men
surato / ex. x. metaphy. sed motus est continuus et successiuus: ergo oportet mensuram eius esse
continuam et successiuam: et tale nihil videtur esse aliud propter tempus: ergo tempus est mensura motus
secundum prius et posterius: hoc est / inquantum in ipso est aliquid prius et aliquid posterius.</Unicode></TextEquiv></TextRegion><TextRegion custom="readingOrder {index:2;} structure {type:[heading];}" id="TextRegion_1653421705247_522" orientation="0.0"><Coords points="592,3965 5795,3965 5795,8427 592,8427"/><TextLine custom="readingOrder {index:0;}" id="r1l27"><Coords points="814,4355 1045,4355 1277,4355 1509,4355 1740,4355 1972,4355 2204,4355 2435,4355 2667,4355 2899,4355 3131,4355 3362,4355 3594,4357 3826,4357 4057,4357 4289,4357 4521,4359 4752,4359 4984,4359 5216,4359 5448,4361 5448,4250 5216,4248 4984,4248 4752,4248 4521,4248 4289,4246 4057,4246 3826,4246 3594,4246 3362,4244 3131,4244 2899,4244 2667,4244 2435,4244 2204,4244 1972,4244 1740,4244 1509,4244 1277,4244 1045,4244 814,4244"/><Baseline points="814,4318 1045,4318 1277,4318 1509,4318 1740,4318 1972,4318 2204,4318 2435,4318 2667,4318 2899,4318 3131,4318 3362,4318 3594,4320 3826,4320 4057,4320 4289,4320 4521,4322 4752,4322 4984,4322 5216,4322 5448,4324"/><TextEquiv><Unicode>Et sicut ipsum quod fertur vel mouetur in motu suo / est vnum</Unicode></TextEquiv></TextLine><TextLine custom="readingOrder {index:1;}" id="r1l29"><Coords points="652,4809 852,4807 1052,4807 1252,4805 1452,4805 1652,4805 1852,4805 2052,4806 2252,4807 2452,4807 2652,4809 2852,4809 3052,4811 3252,4811 3452,4813 3652,4813 3852,4815 4052,4815 4252,4815 4452,4815 5727,4810 5727,4699 4452,4704 4252,4704 4052,4704 3852,4704 3652,4702 3452,4702 3252,4700 3052,4700 2852,4698 2652,4698 2452,4696 2252,4696 2052,4695 1852,4694 1652,4694 1452,4694 1252,4694 1052,4696 852,4696 652,4698"/><Baseline points="652,4772 852,4770 1052,4770 1252,4768 1452,4768 1652,4768 1852,4768 2052,4769 2252,4770 2452,4770 2652,4772 2852,4772 3052,4774 3252,4774 3452,4776 3652,4776 3852,4778 4052,4778 4252,4778 4452,4778 4652,4778"/><TextEquiv><Unicode>et idem ens: habens tamen comparationes ad partes magnitudinis</Unicode></TextEquiv></TextLine><TextLine custom="readingOrder {index:2;}" id="line_1653587751271_152"><Coords points="592,5170 758,5166 1090,5162 4260,5140 5233,5146 5363,5148 5558,5154 5558,5265 2920,5279 592,5281"/><Baseline points="592,5244 758,5240 924,5238 1090,5236 1257,5236 1423,5236 1589,5236 1756,5236 1922,5238 2088,5238 2255,5240 2421,5240 2587,5242 2753,5242 2920,5242 3086,5240 3252,5238 3419,5236 3585,5232 3751,5228 3918,5220 4260,5214 4324,5217 4389,5221 4454,5223 4519,5224 4584,5226 4649,5226 4714,5226 4779,5226 4844,5224 4909,5224 4973,5223 5038,5222 5103,5222 5168,5222 5233,5220 5298,5222 5363,5222 5428,5224 5493,5226 5558,5228"/><TextEquiv><Unicode>scilicet respectu termini a quo et respectu termini ad quem: ita idem est</Unicode></TextEquiv></TextLine><TextLine custom="readingOrder {index:3;}" id="line_1653587789868_160"><Coords points="618,5593 985,5605 1068,5602 1096,5602 5778,5593 5778,5704 5039,5723 4741,5729 4443,5731 3698,5731 1401,5723 618,5704"/><Baseline points="958,5682 985,5679 1013,5678 1041,5677 1068,5676 1096,5676 1124,5678 1151,5678 1179,5679 1207,5680 1235,5681 1262,5682 1290,5684 1318,5684 1345,5684 1373,5685 1401,5686 1428,5685 1456,5684 1484,5682 1512,5680 2208,5688 2357,5688 2506,5688 2655,5688 2804,5688 2953,5688 3102,5690 3251,5690 3400,5692 3549,5692 3698,5694 3847,5694 3996,5694 4145,5694 4294,5694 4443,5694 4592,5692 4741,5692 4890,5689 5039,5686 5188,5682"/><TextEquiv><Unicode>nunc secundum substantiam / quod adiacet ei quod fertur: et non habet</Unicode></TextEquiv></TextLine><TextLine custom="readingOrder {index:4;}" id="line_1653587877838_168"><Coords points="670,6038 3148,6038 3561,6040 5451,6050 5545,6056 5576,6058 5608,6062 5608,6173 4800,6181 1083,6155 876,6153 670,6149"/><Baseline points="670,6112 876,6116 1083,6118 1289,6119 1496,6120 1702,6120 1909,6118 2115,6118 2322,6116 2528,6116 2735,6114 2941,6114 3148,6112 3354,6114 3561,6114 3767,6116 3974,6118 4180,6123 4387,6128 4593,6134 4800,6144 4980,6126 5011,6128 5042,6130 5074,6132 5105,6132 5137,6132 5168,6131 5199,6130 5231,6130 5262,6128 5294,6127 5325,6126 5356,6126 5388,6124 5419,6124 5451,6124 5482,6126 5513,6128 5545,6130 5576,6132 5608,6136"/><TextEquiv><Unicode>idem esse secundum quod fluit a posteriori in prius: quem fluxum habet</Unicode></TextEquiv></TextLine><TextLine custom="readingOrder {index:5;}" id="line_1653587885557_174"><Coords points="628,6522 653,6520 1924,6498 2142,6495 2361,6492 2798,6490 3673,6490 5642,6494 5642,6605 5423,6607 628,6633"/><Baseline points="628,6596 653,6594 679,6594 705,6594 731,6594 756,6594 782,6593 808,6592 834,6592 860,6592 1268,6590 1486,6584 1705,6578 1924,6572 2142,6569 2361,6566 2580,6566 2798,6564 3017,6564 3236,6564 3455,6564 3673,6564 3892,6566 4111,6566 4329,6568 4548,6568 4767,6570 4985,6570 5204,6570 5423,6570 5642,6568"/><TextEquiv><Unicode>a continuo processu ipsius mobilis a parte priori in partem po-</Unicode></TextEquiv></TextLine><TextLine custom="readingOrder {index:6;}" id="line_1653587913675_180"><Coords points="638,6964 3943,6938 4415,6936 4651,6936 5698,6936 5724,6938 5724,7049 5646,7057 1110,7075 638,7075"/><Baseline points="638,7038 874,7038 1110,7038 1346,7036 1582,7036 1818,7034 2054,7032 2290,7028 2526,7026 2762,7024 2999,7020 3235,7018 3471,7016 3707,7014 3943,7012 4179,7012 4415,7010 4651,7010 4887,7012 5123,7013 5360,7016 5646,7020 5672,7011 5698,7010 5724,7012"/><TextEquiv><Unicode>steriorem. Et sic patet que nunc est substantia temporis: quia tempus</Unicode></TextEquiv></TextLine><TextLine custom="readingOrder {index:7;}" id="line_1653587921447_185"><Coords points="640,7414 3653,7396 5178,7388 5342,7388 5342,7499 5314,7505 4658,7513 1443,7527 840,7527 640,7525"/><Baseline points="640,7488 840,7490 1041,7490 1242,7490 1443,7490 1644,7488 1845,7486 2046,7486 2247,7483 2448,7481 2649,7478 2849,7476 3050,7474 3251,7474 3452,7472 3653,7470 3854,7470 4055,7470 4256,7472 4457,7474 4658,7476 5178,7462 5205,7463 5232,7464 5260,7466 5287,7467 5314,7468 5342,7462"/><TextEquiv><Unicode>nihil aliud est nisi ipsum nunc fluxu suo suscipiens esse continuum. Nihil</Unicode></TextEquiv></TextLine><TextLine custom="readingOrder {index:8;}" id="r1l42"><Coords points="656,7977 893,7975 1131,7975 1369,7975 1606,7975 1844,7975 2082,7975 2319,7975 2557,7975 2795,7975 3033,7975 3270,7973 3508,7973 3746,7971 3983,7969 4221,7967 4459,7965 4696,7961 4934,7957 5172,7951 5410,7945 5410,7834 5172,7840 4934,7846 4696,7850 4459,7854 4221,7856 3983,7858 3746,7860 3508,7862 3270,7862 3033,7864 2795,7864 2557,7864 2319,7864 2082,7864 1844,7864 1606,7864 1369,7864 1131,7864 893,7864 656,7866"/><Baseline points="656,7940 893,7938 1131,7938 1369,7938 1606,7938 1844,7938 2082,7938 2319,7938 2557,7938 2795,7938 3033,7938 3270,7936 3508,7936 3746,7934 3983,7932 4221,7930 4459,7928 4696,7924 4934,7920 5172,7914 5410,7908"/><TextEquiv><Unicode>enim est accipere de tempore nisi nunc: quod eenim preteritum est non est / sed fuit: et quod fu</Unicode></TextEquiv></TextLine><TextLine custom="readingOrder {index:9;}" id="r1l43"><Coords points="638,8427 885,8425 1133,8424 1380,8423 1628,8423 1875,8423 2123,8423 2370,8423 2618,8423 2865,8425 3113,8425 3360,8427 3608,8427 3855,8427 4103,8427 4350,8427 4598,8427 4845,8425 5093,8423 5340,8422 5588,8419 5588,8308 5340,8311 5093,8312 4845,8314 4598,8316 4350,8316 4103,8316 3855,8316 3608,8316 3360,8316 3113,8314 2865,8314 2618,8312 2370,8312 2123,8312 1875,8312 1628,8312 1380,8312 1133,8313 885,8314 638,8316"/><Baseline points="638,8390 885,8388 1133,8387 1380,8386 1628,8386 1875,8386 2123,8386 2370,8386 2618,8386 2865,8388 3113,8388 3360,8390 3608,8390 3855,8390 4103,8390 4350,8390 4598,8390 4845,8388 5093,8386 5340,8385 5588,8382"/><TextEquiv><Unicode>turum est nondum est / sed erit. Nunc duobus modis accipitur: scilicet per nunc quod</Unicode></TextEquiv></TextLine><TextEquiv><Unicode>Et sicut ipsum quod fertur vel mouetur in motu suo / est vnum
et idem ens: habens tamen comparationes ad partes magnitudinis
scilicet respectu termini a quo et respectu termini ad quem: ita idem est
nunc secundum substantiam / quod adiacet ei quod fertur: et non habet
idem esse secundum quod fluit a posteriori in prius: quem fluxum habet
a continuo processu ipsius mobilis a parte priori in partem po-
steriorem. Et sic patet que nunc est substantia temporis: quia tempus
nihil aliud est nisi ipsum nunc fluxu suo suscipiens esse continuum. Nihil
enim est accipere de tempore nisi nunc: quod eenim preteritum est non est / sed fuit: et quod fu
turum est nondum est / sed erit. Nunc duobus modis accipitur: scilicet per nunc quod</Unicode></TextEquiv></TextRegion><TextRegion custom="readingOrder {index:3;} structure {type:margin;}" id="TextRegion_1653421680484_490" orientation="0.0"><Coords points="5795,1814 6422,1814 6422,2558 5795,2558"/><TextLine custom="readingOrder {index:0;}" id="line_1653421669341_472"><Coords points="5795,1971 5814,1973 5857,1976 5900,1979 5943,1983 5986,1985 6029,1987 6072,1990 6115,1991 6158,1992 6244,1992 6287,1990 6330,1988 6373,1983 6416,1980 6416,2091 6373,2094 6330,2099 6287,2101 6244,2103 6158,2103 6115,2102 6072,2101 6029,2098 5986,2096 5943,2094 5900,2090 5857,2087 5814,2084 5795,2082"/><Baseline points="5795,2045 5814,2047 5857,2050 5900,2053 5943,2057 5986,2059 6029,2061 6072,2064 6115,2065 6158,2066 6201,2066 6244,2066 6287,2064 6330,2062 6373,2057 6416,2054"/><TextEquiv><Unicode>Terminus</Unicode></TextEquiv></TextLine><TextLine custom="readingOrder {index:1;}" id="line_1653421669341_474"><Coords points="5795,2125 5837,2126 6123,2136 6410,2146 6410,2251 6123,2241 5837,2231 5795,2230"/><Baseline points="5795,2195 5837,2196 6123,2206 6410,2216"/><TextEquiv><Unicode>intrinsecus</Unicode></TextEquiv></TextLine><TextLine custom="readingOrder {index:2;}" id="r1l16"><Coords points="5864,2407 5889,2407 5915,2407 5941,2407 5966,2407 5992,2407 6018,2407 6043,2407 6069,2408 6095,2409 6120,2409 6146,2410 6172,2411 6197,2411 6223,2413 6249,2413 6274,2414 6300,2416 6326,2417 6326,2306 6300,2305 6274,2303 6249,2302 6223,2302 6197,2300 6172,2300 6146,2299 6120,2298 6095,2298 6069,2297 6043,2296 6018,2296 5992,2296 5966,2296 5941,2296 5915,2296 5889,2296 5864,2296"/><Baseline points="5864,2370 5889,2370 5915,2370 5941,2370 5966,2370 5992,2370 6018,2370 6043,2370 6069,2371 6095,2372 6120,2372 6146,2373 6172,2374 6197,2374 6223,2376 6249,2376 6274,2377 6300,2379 6326,2380"/><TextEquiv><Unicode>motus.</Unicode></TextEquiv></TextLine><TextEquiv><Unicode>Terminus
intrinsecus
motus.</Unicode></TextEquiv></TextRegion><TextRegion custom="readingOrder {index:4;} structure {type:margin;}" id="TextRegion_1653421693142_507" orientation="0.0"><Coords points="5795,4048 6422,4048 6422,4478 5795,4478"/><TextLine custom="readingOrder {index:0;}" id="line_1653421669345_476"><Coords points="5795,4250 5811,4252 5845,4252 5879,4254 6049,4254 6083,4252 6116,4252 6150,4251 6184,4250 6218,4248 6286,4248 6320,4246 6354,4247 6388,4248 6422,4248 6422,4359 6388,4359 6354,4358 6320,4357 6286,4359 6218,4359 6184,4361 6150,4362 6116,4363 6083,4363 6049,4365 5879,4365 5845,4363 5811,4363 5795,4361"/><Baseline points="5795,4324 5811,4326 5845,4326 5879,4328 5913,4328 5947,4328 5981,4328 6015,4328 6049,4328 6083,4326 6116,4326 6150,4325 6184,4324 6218,4322 6252,4322 6286,4322 6320,4320 6354,4321 6388,4322 6422,4322"/><TextEquiv><Unicode>De Nunc.</Unicode></TextEquiv></TextLine><TextEquiv><Unicode>De Nunc.</Unicode></TextEquiv></TextRegion></Page></PcGts>