6979 9579
1778 271 4977 739 Tractatus Primus
447 2386 866 2492 Quare
393 2256 867 2666 deus dicitur
463 2623 649 2820 purus actus
415 2777 979 2969 et creatu
420 2905 963 3129 ra composi
420 3059 1011 3283 ta ex actu
420 3224 1000 3469 et potentia
457 3906 931 4145 Quomodo in
468 4087 936 4305 perpetuis
452 4230 1011 4432 contingere
436 4379 1011 4603 non differt
447 4534 915 4805 ab esse.
489 6284 995 6545 Utrum in
495 6503 835 6699 celo sit
484 6662 1011 6880 materia.
516 7774 995 8057 Duplex
527 8003 974 8227 officium
527 8163 1011 8360 anime ad
521 8323 1011 8583 corpus.
1043 670 5328 973 aliquid caret quid natum est habere non secundum suam naturam specificam / sed secundum suum genus: fient
1123 867 6127 1117 talpa dicitur ceca: quia ei non repugnat habere visum inquantum animal / licet ei repugnet
1038 1027 5722 1277 secundum se. Et in isto modo tanto generalius et minus proprie dicitur priuatio: quanto habitus
1048 1170 5972 1431 cuius est priuatio / natus est competere communiori conuenienti ipsi priuato: vt minus pro
1043 1319 5924 1580 prie aliquid diceretur priuatum: eo que non habet et aptum natum est habere secundum rationem corporis
1123 1479 6004 1729 animati: et adhuc communius si aptum natum est habere illud quo dicitur priuari solum secundum ra-
1059 1628 6121 1862 tionem corporis aut solum rationem substantie. Communissime vero et improprissime / si illud
1075 1766 6153 2027 natum est habere solum secundum rationem entis: vt omnis creatura dicitur imperfecta: non quia apta na
1059 1931 6137 2160 ta sit habere omnem perfectionem in specie vel in suo genere: sed quia habere omnem perfe-
1038 2080 6042 2309 ctionem non repugnat eius predicato communissimo / puta enti: potest enim stare ens cum
1054 2235 5823 2474 omni perfectione / vt in deo. Et ex hac causa patet / quare deus dicitur purus actus: creatu-
ra vero quelibet composita ex actu et potentia. Nam deus habet entitatem cum omni perfectione / que
1075 2538 6217 2767 nata est conuenire enti. Et ideo non est in eo potentia seu priuatio alicuius perfectionis.
In omni vero creatura est ens cum aliquo gradu perfectionis: et hoc dicitur in ea actus.
1070 2831 6121 3086 Est etiam carentia multarum perfectionum / que ei non repugnant inquantum est ens: et hec caren
1006 2980 6196 3235 tia dicitur in creatura potentia. Composita est itaque omnis creatura ex actu et potentia
1107 3139 6074 3395 .i. ex ente in aliquo gradu perfectionis et carentia multorum aliorum graduum perfectionis: quod
1112 3288 6031 3538 pulchre declarat Sco. viij. dist. j. q. ij. ¶ Sciendum secundo: que autor declarans diffi
1112 3427 6159 3682 nitionem priuationis dicit / que in diffinitione priuationis additur illa particula / cum aptitudi
1080 3592 6095 3831 ne ad illam: ad differentiam ingenerabilium et incorruptabilium / vt est corpus celeste: in quo li-
1101 3741 6052 3975 cet sit carentia multarum formarum: tamen ibi non est priuatio: quam materia perpetuorum non est apta
1117 3895 6148 4134 recipere aliam formam: quod probat per auctoritatem Aristo. in. iij. physi. vbi dicitur: Nam continge
1128 4049 6137 4283 re non differt in perpetuis ab esse: hoc est / posse esse et actu esse non distant in perpetuis: ita
1112 4182 6047 4427 que potentia in eis non precedit actum: sed quicquid possunt esse / iam sunt actu: et hec autoritas
1176 4342 6020 4587 intelligenda est de potentia passiua / et quo ad esse simpliciter. Dico / passiua: quia in perpe
1139 4502 6239 4741 tuis actiua potentia / que est ad agere / precedit ipsum agere. Dico / ad esse simpliciter: quia
1123 4645 6169 4885 in corporibus celestibus potentia ad aliquod esse accidentale / puta ad vbi orientis / precedit
1112 4800 6201 5028 illud esse accidentale. ¶ Sed circa hunc textum occurrunt duo dubia. Primum: quomodo ce
1133 4938 6132 5193 lum potest esse ingenerabile et incorruptibile si in eo sit materia. Dicit enim Aristo. viij.
metaphy. que non omnium est materia / sed quorum est generatio et transmutatio adinuicem: quecum
1101 5241 6153 5497 que autem sine transmutatione sunt / horum non est materia: cum ergo celum sit ingenerabile et in-
1112 5396 6143 5646 transmutabile / vt dicitur primo celi: ergo in eo non est materia. ¶ Secundum dubium: quomodo
1123 5555 6233 5784 materia in celo potest esse sine priuatione: cum dicat Aristo. j. physi. que materie annexa
1117 5699 6063 5944 est privatio / que semper machinatur in maleficium forme: et in vij. metaphy. dicit: materia
1144 5853 6089 6087 est qua res potest esse et non esse. Ad que dubia licet sint varie responsiones / vt recitat Sco.
1123 6008 6137 6231 in. xiiij. dist. ij. q. j. illis tamen dimissis dico secundum Sco. ibidem: que ad dubia proposita aliter
1133 6151 6239 6380 respondendum est secundum Aristo. et aliter secundum veritatem et theologos. Nam secundum opinionem
1149 6306 6015 6540 Aristo. et sui Commen. non est ponendum / que celum compositum ex materia et forma: quia Arist.
1149 6460 6164 6689 et Auer. sicut nunquam ponunt formam nisi quam arguit operatio: ita non ponunt materiam / nisi
1181 6609 6201 6848 quam arguit motus. In celo autem secundum eos non et motus ad formam / vt patet primo celi: sed
1224 6758 6212 6987 tamen ad vbi: ergo in celo non est materia que esset in potentia ad forma: sed tamen que est in po
1176 6907 5956 7141 tentia ad vbi: sed talis materia secundum Commen. in tracta. de substantia orbis / non est aliud quam
1155 7061 6265 7285 subiectum susceptibile motus: nec dicitur materia nisi equiuoce seu improprie: et ideo ipsa po-
1192 7210 5765 7429 sita in celo non oportebit ponere priuationem cum ea / nec per consequens corruptionem. ¶ Sed
1181 7359 5845 7588 contra hanc responsionem arguitur: quia secundum philosophum secundo celi et mundi: Celum est animatum
1149 7508 5871 7732 ergo in celo est materia proprie dicta / que est subiectum forme et que est altera pars compositi.
1192 7657 6026 7892 Tenet consequentia; quia anima est actus corporis physici: corpus autem physicum presupponit ma
1213 7822 6228 8041 teriam proprie dictam. Respondeo: que anima habet duplex officium respectu corporis / scilicet infor-
1203 7966 6031 8174 mandi et mouendi: nam est forma corporis et motrix eiusdem. Ubicumque ergo philosophus
1208 8120 6132 8344 dicit celum habere animam / exponendum est secundum conditionem / que anima est motrix et non forma:
1181 8269 6036 8631 et illa anima est intelligentia coniuncta orbi vt motor mobili / et non vt forma materie.
