6933 9579
1176 266 5841 755 Paruuli philosophie natu. Fo. XXXI
814 691 5841 957 tempore) tamen est regularis: quia nulla pars velocius mouetur vno tempore quam alio: saltem ha-
761 904 5809 1090 bendo respectum ad proprium centrum vniuscuiusque orbis. Inter motus autem orbium cele-
724 1059 5729 1250 stium motus primi mobilis est regularissimus: et ideo etiam ponitur primus / et regula seu
697 1202 5793 1404 metrum omnium aliorum motuum: vt patet ex. viij. physicorum. Et de hoc solo intelligitur presens
1214 1351 5766 1553 diffinitio: que posita est secundum opinionem eorum qui tenent tempus nihil aliud esse realiter /
809 1511 5745 1708 quam motum primi mobilis: non absolute / sed vt in eo anima numerat prius et posterius:
697 1660 5804 1846 ita que prius et posterius in motu vt numerata ab anima / sunt ipsum tempus. ¶ Pro
702 1804 5809 2016 hac opinione est illud Commen. Si nulla anima esset / nullum tempus esset. Et ad Aristo.
697 1963 5841 2155 qui negat tempus esse motum / dicunt que verum est quantum esse formale quod habet tempus
702 2112 5841 2298 ab anima: sed non quantum ad esse materiale: immo vt sic / realiter est ipse motus primi
820 2256 5841 2447 mobilis. Hec autem opinio licet videatur probabilis: tamen quia est contra intentio-
724 2405 5772 2607 nem Aristo. et habet in se quandam latentem contradictionem: in hoc que ex vna parte con-
692 2565 5777 2772 cedit tempus esse passionem et mensuram cuiuslibet motus: vt habetur ex iiij. physicorum.
713 2708 5788 2910 Et ideo oportet: que tempus dicat aliquid aperte rei distinctum a motu / etiam seclusa qua
734 2863 5772 3054 cunque anima: et ex alia parte ponit tempus non habere esse aliquid distinctum a motu
708 3017 5777 3208 siue anima. Ideo dico aliter: que seclusa quacunqu anima tempus habet esse reale distin
718 3166 5841 3352 ctum a motu etiam primi mobilis. Et ideo concedo cum Aristo. hanc esse falsam: tempus
697 3310 5788 3517 est motus regularissimus seu primus: propter hoc: quia sicut nulla passio in abstra
713 3464 5798 3666 cto predicatur de sito subiecto quacumque predicatione / sic nec econtra: et etiam propter
708 3608 5766 3810 rationes philosophi: quibus probat tempus non esse motum / sed aliquid motus. Ad
681 3757 5798 4012 auctoritatem autem Commen. dicentis: si nulla anima esset / nullum tempus esset: verum est
883 3927 5772 4113 quantum esse cognitum seu discretum partium eius: sed hoc accidit nature temporis.
942 4071 5841 4267 ¶ Sed restat dubium: Utrum tempus sit aliud a quantitate successiua seu duratione
697 4204 5798 4422 motus primi mobilis: vel est idem que ipsa quantitas qua motus primi mobilis est for
702 4363 5804 4565 maliter quantus et successiuus. Utraque pars videtur probabilis. Que enim alia sit propria
718 4512 5841 4714 quantitas motus quam tempus / expresse dicit Aristo. v. metaphy. et idem videtur tene
718 4672 5692 4869 re Sco. ibidem: et in. ij. dist. ij. q. ij. Alia etiam pars / que quantitas successiua motus non
724 4826 5841 5023 sit alia quam tempus: videtur esse sententia Aristo. in predicamentis: vbi solum tempus
766 4965 5660 5177 ponit quantitatem successiuam: et hoc expresse dicit Scotus. xlviij. dist. iiij. q. ij. his
729 5114 5841 5321 verbis: Tempus non est in motu celi sicut vna quantitas in alia quantitate: quia
713 5289 5649 5470 non est ponere tales duas quantitates in eodem subiecto: quarum vna sit quasi subiectum
777 5428 5511 5625 et altera quasi passio: ergo tempus vltra motum (vt motus includit propriam successio-
708 5577 5836 5768 nem) non addit nisi rationem mensure formaliter. ¶ Ex quo sequitur primo: que ali
718 5731 5569 5933 ter habet se tempus ad motum primi mobilis: et alter ad alios motus. Nam ad
777 5864 5814 6082 motum primi mobilis habet vt passio et mensura: ad alios vero motus solum ha-
745 6018 5825 6226 bet se vt mensura / et non passio: Sicut quantitas vlne habet se ad vlnam / sicut passio
724 6167 5841 6359 et mensura: ad pannum vero habet se solum vt mensura / et nullo modo vt passio. Sequi
tur secundo: que siue teneatur que tempus sit idem quod quantitas successiua motus primi
734 6476 5820 6673 mobilis: siue ponatur quantitas motus esse alia ab illa que dicitur tempus: Neu-
tro modo quantitas illa est de essentia motus: siue capiatur motus materialiter pro
750 6795 5415 6976 forma scilicet fluente in motu: siue formaliter pro respectu noti ad mouens: qui est in
genere passionis. Sicut enim quantitas permanens non est de essentia quanti perma
740 7072 5841 7264 nentis: licet sine ea nunquam sit realiter: sic etiam quantitas successiua motus non est de
essentia motus: licet nunquam motus sit sine ipsa. Et hoc est verum accipiendo motum
illis predictis duobus modis. Nam si accipiatur motus pro ipso fluxu successiuo / sic ni
745 7519 5245 7727 hil aliud esset quam illa quantitas successiua. Ultimo sequitur: que non oportet multipli
761 7684 5644 7881 care tempora secundum multipicationem motuum: quia tempus vt dictum est / solum est passio et men
777 7833 5841 8025 sura intrinseca motus primi mobilis. Aliorum autem motuum est mensura extrinseca: et ideo
729 7977 5564 8190 Aristo. dicit idem tempus esse in celo / in terra et in mari. ¶ Notandum secundo: sicut prius
782 8152 5532 8333 et posterius in motu causantur a priori et posteriori spacij vel forme in qua est motus: ita prius
et posterius temporis causantur a priori et posteriori motus: sicut etiam supra decla-
Utrum tem-
5841 1947 6448 2160 pus distin-
5841 2123 6427 2293 guatur rea-
5841 2256 6437 2447 liter a mo
5873 2426 6065 2660 tu.
5894 2990 6299 3193 Quare
5836 3139 6331 3326 hec est fal
5868 3283 6464 3475 sa: tempus
5841 3443 6443 3671 est motus
5836 4012 6448 4241 Utrum tem
5883 4188 6278 4401 pus distin-
5883 4363 6411 4550 guatur a
5841 4475 6459 4677 quantitate
5899 4656 6443 4848 successi-
5836 4794 6416 5055 ua motus.
5830 7460 6421 7705 Que non
5931 7663 6469 7860 sunt plu-
5836 7812 6475 8046 ra tempora
5883 7966 6112 8253 simul.
