6929 9570
2090 487 5672 634 Tractatus Primus
1253 744 6290 866 existentes / sed successiue et in fieri: sicut et tempus: nam sicut partes temporis non sunt
1244 886 6366 1020 simul / sed vna fit post aliam: ita et partes motus. Sed illas partes quibus extenditur
1241 1041 6258 1175 ad extensionem mobilis / habet permanentes. Nam simul sunt in ipso mobili: et ideo non
1250 1191 5970 1322 sunt ita essentiales motui sicut prime: nam deratione entis successiui est que habeat par-
1246 1337 6290 1472 tes in fieri: et successiue vnam post aliam: sed ei accidit que habeat partes similes existentes
1246 1493 6222 1626 Et ideo etiam omnis motus habet partes successiuas: sed illas permanentes solus
1254 1643 6318 1776 ille habet / cuius mobile est diuisibile. Utrum autem aliquod indiuisibile possit moueri
1262 1775 6344 1929 patebit circa quartum corrolarium. ¶ Sequitur corrolarium secundum: Quicquid mouetur
1264 1945 6240 2071 mouebatur et mouebitur. In quo sunt due partes: Prima equiualet huic propositioni: ante
1254 2091 6250 2220 omne moueri est moueri: intelligendo quo ad desitionem / et non quo ad inceptionem: hoc est:
1296 2247 6174 2376 que ante desitionem cuiuslibet motus prius desinit alius motus: sed non ante inceptio
1258 2390 6218 2524 nem cuiuslibet motus incipit alius motus. Prima pars patet: et quocumque motu da
1258 2546 6226 2670 to ille est diuisibilis / vt patet ex precedenti corrolario: et ideo ante desitionem eius prius
1266 2697 6370 2820 desinit eius medietas / que etiam est motus. Secunda pars patet: et capto aliquo toto mo-
1270 2851 6130 2970 tu ante inceptionem eius nullus alius incepit motus. Secunda pars corrolarij est
1274 2995 6282 3122 hec: Quicquid mouetur mouebitur: et equiualet huic propositioni: post omnem motum
1286 3151 6202 3270 est motus: et hoc verum est quo ad inceptionem / et non quo ad desitionem: id est: que post
1286 3302 5970 3422 inceptionem cuiuslibet motus incipit alius motus: sed non post desitionem cuiuslibet
1288 3452 6364 3574 motus desinit alius motus. Prima pars patet: et dato quocunque motu ipse est di
1282 3605 6114 3722 uisibilis: et ideo post inceptionem eius incepit ipsius medietas. Secunda pars pa-
1294 3753 5978 3874 tet: quia capto vno totali motu / post desitionem eius non desinit alius motus. Po
1270 3903 6216 4026 test etiam hoc corrolarium aliter probari: supponendo que motus et tempus sunt entia
1298 4051 6346 4178 successiua / et que conformiter diuiduntur sicut diuiditur maginitudo in qia fit motus
1302 4203 6372 4326 Et erit sensus corrolarij: quicquid mouetur in aliqua magnitudine vel spacio / prius
1302 4353 6320 4476 mouebatur in priori medietate illius spacij et mouebitur in posteriori: probatur: et
1294 4508 6404 4630 quocunque motu dato / ille est diusibilis in infinitum secundum diuisionem spacij: et cum sit
1298 4656 6310 4778 successiuum ens: non possunt omnes partes eius esse simul / sed vna precessit et alia
1306 4805 6258 4931 succedit. ¶ Tertium corrolarium: Motus non est nisi corporum que habent par-
1302 4962 6366 5078 tes et medium. Ad cuius probationem preposuit illam propositionem: quod moue
1290 5111 6382 5231 tur / partim est in termino a quo et partim in termino ad quem: que propositio po
1302 5264 6418 5378 test dupliciter intelligi. Uno modo de partibus terminorum: et sic est simpliciter ve
1324 5414 6172 5532 ra: ad hunc sensum: omne que mouetur / habet aliquid de termino a quo et aliquid de
1320 5562 6396 5682 termino ad quem: intelligendo de terminis proximis: et mobile dum mouetur / est in
1326 5711 6388 5832 medio quod est aliquid vtriusque extremi. Alio modo potest intelligi de partibus mo
1298 5865 6110 5984 bilis: ita que omne quod mouetur / secundum vnam sui partem est in termino a quo: et secundum alteram in
1326 6015 6294 6136 termino ad quem: intelligendo semper de terminis proximis et non vltimatis: quia
1316 6167 6244 6286 si aliquid mouetur ex celo in terram: non oportet que dum mouetur / vna eius pars sit in celo et
1318 6317 6320 6438 alia in terra: et in hoc sensu eam autor hinc traduxit et Aristo. in vi. physi. ad pro-
1334 6471 6386 6588 bandum que subiectum motus seu mobile debet habere partem et partem: et per consequens
1336 6623 6128 6740 diuisibile seu corpus: intendit enim talem rationem: Mobile quando est secundum se totum in
1342 6775 6356 6888 termino a quo / non mouetur: et tunc adhuc non incepit motus: nec quando totum
1350 6925 6394 7042 est in termino ad quem: quia tunc est iam completus motus: ergo solum tunc mouetur quando
1390 7075 6292 7194 partim est in termino a quo et partim in termino ad quem: et per consequens debet esse di
1352 7227 6204 7346 uisibile: nam ibi Aristo. vult probare que nullum indiuisibile potest per se moueri. Sco. autem
1366 7383 6448 7498 in. ij. dist. q. ix. varijs demonstrationibus probat que indiuisibile esset per se / posset per
1362 7534 6442 7644 se moueri etiam continue. Ad saluandam autem intentionem Aristo. dicit que in motu loca
1390 7685 6464 7800 li est successio ex duplici causa: videlicet ex diuisibilitate mobilis et ex diuisibilitate spa
1241 7831 6442 7966 cij: quorum vtrumque si esset per se / esset sufficiens ratio successionis. Nam quodlibet mobi
1241 7981 6414 8119 le prius pertransit vnam partem spacij quam aliam: et ita esset successio ex parte spacij:
1386 8135 6372 8252 comparando idem mobile ad diuersas partes ipsius spacij quodcumque etiam spa-
1364 8297 5952 8412 cio prius pertransit primam per partem mobilis quam secundam: et ita esset succes-
718 7563 1241 7700 Quomodo in-
734 7715 1241 7838 diuisibile
750 7863 1241 7988 potest per se
766 8010 1241 8136 moueri.
