6895 9495
1835 131 5154 627 Tractatus Primus
1076 548 5855 828 te enim voluntatis est non solum velle aut nolle aliquod bonum / sed etiam volen-
1060 775 6145 970 di. s. velle illud propter se et non referendo ad aliud bonum / vel referendo. Unde ve
1102 917 5919 1113 rij philosophi varios fines sic vltimos proponebant. Alij enim voluptatem / alij po
1092 1076 5955 1276 tentiam / alij honorem / alij diuitias: et alij item alios / vt patet apud Boetium in . iij. libro
1118 1218 6093 1434 Consolationis philosophie. De hoc etiam fine dicit Aristoteles. ij. phisicorum: que nos summi
1070 1376 6161 1571 quodammodo finis omnium. Et tales fines possunt esse plures: quia non sunt vltima-
1076 1513 6172 1730 ti simpliciter: sed quasi fines sub fine. ¶ Alius est finis secundarius / qui ab Aristo
1081 1666 6124 1877 tele vocatur finis quo / et a Commentatore finis operationis. s. agentis: et est forma rei
1065 1830 6045 2020 ad quam terminatur immediate actio agentis / vel ipsa res cuius est illa forma. De hoc
1081 1983 5649 2173 fine dicit Aristoteles. ij. physicorum: que finis coincidit in idem numero cum forma. Et
1070 2131 6061 2321 dicitur secundarius: quia non appetitur propter se / sed propter aliud ad quod ordinatur: vt do
1060 2278 6014 2479 mus que est finis domificationis / ordinatur ad hominem propter quem fit domus
sicut et omnia alia artificalia / vt illis vtatur.
432 2758 1002 3054 Proprie-
374 3001 907 3201 tates cau
369 3154 828 3486 sarum.
1107 2764 5781 3106 Nota que quędam causę sunt sibijnuicem causę / sed non eodem
1055 3217 5971 3544 modo: vt labor est causa efficiens sanitatis: sed sanitas est cau
1033 3666 2521 3977 sa finalis laboris.
342 5765 928 6076 Quomodo eius
332 6024 875 6219 deest effectus
353 6192 886 6382 possunt esse plu
337 6330 928 6678 res cause
1081 4022 1869 4171 Autor
1920 3850 6114 4140 ad maiorem declarationem eorum que dicta sunt de causis / per se ponit
1097 4003 5549 4304 tria notabilia. In quorum primo ponit duas proprietates causarum.
1097 4225 6166 4446 In secundo tres disuisiones. In tertio coincidentiam plurium causarum. Quantum ad
1060 4399 5913 4599 primum sciendum: que secundum Aristotelem. ij. physicorum. et. v. metaphy. tres sunt proprietates
1049 4552 6177 4726 causarum: quarum tantummodo duas vltimas hic autor ponit. Primam vero (que est hec
1097 4694 6161 4879 que vnius effectus possunt esse multe cause per se) relinquit esse notam ex iam dictis. Ad de
1044 4831 6045 5032 clarationem tamen illius pono tres distinctiones / et quatuor dicta. ¶ Prima distinctio: Du
1107 4979 5955 5190 plices sunt cause: quedam diuersorum generum / vt materialis forma efficiens et finalis:
1039 5148 6108 5327 tot enim sunt genera causarum: quedam generis / vt omnes cause efficientes / simi
1049 5290 6093 5480 liter omnes formales. Secunda distinctio: cause eiusdem generis sunt duplices: quedam
1076 5438 6151 5623 subordinate seu alterius ordinis: quarum vna agit in virtute alterius: et ille semper diffe-
1055 5586 6061 5791 runt specie: vt in generatione prolis / pater / sol et deus. Alie sunt non subordinate seu
eiusdem ordinis: vt duo homines trahentes vnam nauem. Tertia distinctio: Cause non
1060 5886 6151 6082 subordinate sunt duplices: quedam totales/quibus. s. positis omni alia causa eiusdem
1081 6039 6098 6245 generis et eiusdem ordinis seclusa ponitur effectus: vt ignis generans ignem. Alie sunt
1102 6198 5971 6382 partiales que cum alijs ve alia eiusdem generis et eiusdem ordinis producunt effectum:
vt duo trahentes nauem: neuter enim eorum est causa totalis illius tractionis. ¶ Ex his
1039 6493 6061 6704 dicitur primo: eiusdem effectus possunt esse plures cause diuersorum generum etiam totales
1060 6657 6024 6841 vt patet de statua cel homine. Secundo dicitur: eiusdem effectus possunt esse plures cau
1044 6794 6124 6994 se per se totales eiusdem generis: dummodo sint subordinate: vt sol et homo generant ho
1033 6936 6061 7158 minem. Tertio dicitur: eiusdem effectus possunt esse plures cause per se eiusdem generis et eiusdem
1044 7110 6108 7290 ordinis si sint partiales: vt cum plures trahunt nauem. Quarto dicitur: eiusdem effectus
1044 7247 6114 7453 non possit esse plures cause per se eiusdem generis et eiusdem ordinis si sint totales. Patet
1028 7416 6093 7585 quia vna earum cum sit totalis / ipsa sola producit totaliter effectum: ergo alie nihil cau-
sant. Hoc etiam probat Sco. in primo di. ij. in solu. q. prime: et in quodli. q. v. et in
1049 7696 6103 7891 tractatu de primo principio sic: quia tunc aliquid esset causa per se et totalis alicui
1023 7865 6077 8044 quo non posito nihil minus effectus esset perfecte causatus: remota enim vna ex illis
1023 7996 5971 8186 causis per possibile vel impossibile adhuc reliqua causa cum sit totalis causaret to-
1118 8144 5660 8487 taliter effectum. ¶ Secunda proprietas causarum (que est prima duarum positarum in textu)
