6874 9595
1684 517 4306 670 Tractatus Secundus
1274 785 6290 914 gibiles actiue et passiue adinuicem / nec reducuntur ad alias: et ideo etiam dicuntur pro
1198 939 6186 1066 me. ¶ Pro quo notandum tertio: qualitates sunt duplices: prime et secunde. Pri
1214 1089 6234 1210 me: que in sui generatione non reducuntur ad alias priores / nec ad seinuicem: hoc est
1230 1243 6186 1366 que non generentur per actiones aliarum qualitatum: vt sunt quattuor predicte: que dicun
1202 1392 6316 1512 tur prime non simpliciter: nam lux lumen et alie qualitates corporum celestium prio
1210 1542 6314 1656 res sunt illis ac ipsas generant: sed in genere qualitatum tangibilium / vel in ordi-
1202 1687 6318 1814 ne ad qualitates corporum generabilium et corruptibilium: nam lux horum inferiorum et
1206 1843 6368 1964 alie qualitates eorum / posteriores sunt illis quas diximus primas. Secunde quali
1214 1993 6324 2114 tates dicuntur que generantur et corrumpuntur naturaliter actione vel passione pri
1226 2143 6050 2264 marum qualitatum adinuicem: vt colores / odores / sapores: et omnes alie qualitates
1222 2288 6298 2416 corporum generabilium / preter quattuor primas. ¶ Notandum quarto: quodlibet ele
1234 2440 5982 2562 mentum determinat sibi duas qualitates primas: vnam in esse intenso: et alteram in es-
1230 2593 6314 2714 se remissio: vt ignis est primo calidus / et secundo siccus: Aer primo humidus / et se
1230 2751 6290 2864 cundo calidus: Aqua primo frigida / secundo humida: Terra primo sicca / secun-
1214 2895 6074 3014 do frigida. Et si dicas: contra / aqua magis humectat quam aer: vt patet ad sensum: er
1226 3049 6302 3166 go aer non est primo humidus: et quod est primo tale / est maxime tale. Respondeo du
1238 3197 6340 3318 pliciter. Uno modo que illa primitas qua aer est primo humidus / non dicitur respe-
1238 3339 6182 3470 ctu aliorum elementorum / sed respectu alterius qualitatis que eidem conuenit secun-
1210 3503 6314 3618 do. Alio modo concedendo que illa primitas respiciat alia elementa: et que aer est ma
1260 3651 6360 3769 gis humidus quam aqua. Sed que aqua magis humectat: hoc est ratione maioris den
1328 3801 5532 3923 sitatis materie in aqua quam aere: ratione cuius fortificatur eius actio. ¶ Ultimo
1216 3949 6308 4070 notandum: predicte quattuor prime qualitates possunt combinari sex modis: sed duo il
1222 4106 6274 4226 lorum modorum sunt incompossibiles propter contrarietatem extremorum: quatuor vero pos-
1284 4250 6054 4380 sibiles constituunt elementa: vt dictum est. Que combinationes qualitatum primarum vtiles
1246 4405 6266 4532 sunt: non solum ad distinctionem elementorum / sed etiam partium anni / ventorum principa-
1228 4563 5262 4690 lium / complexionum / etatum et aliorum plurium: vt patet in hac figura.
2906 4929 4534 5054 Prima combinatio
1378 5151 2384 5278 Caliditas.
5270 5121 6105 5274 Siccitas.
3356 5379 3808 5492 Estas
3324 5531 4204 5660 Subsolanus.
3332 5686 3890 5794 Colera.
3282 5843 3808 5978 Ignis.
1217 5750 1494 7563 Secunda combinatio.
1596 6657 1707 6999 Aer.
1762 6490 1873 7073 Auster.
1910 6379 2031 7045 Sanguis.
2095 6657 2206 7036 Aer.
2159 5632 3046 6221 Sexta combinatio.
4362 5741 5074 6351 Impossibilis
2174 7078 2973 7580 Quinta combinatio.
4410 6896 5137 7647 Impossibilis
3356 7344 3802 7457 Aqua.
3322 7470 3858 7601 Flegma.
3302 7637 4014 7755 Zephirus.
3344 7795 4140 7936 Autumnus.
5345 6171 5471 6658 Terra.
5567 6178 5626 7086 Melancolia.
5699 6200 5825 6783 Boreas.
5899 6186 5958 6813 Hyems.
6142 5757 6275 7581 Quarta combinatio.
1414 8045 2536 8170 Humiditas.
5076 8078 6186 8236 Frigiditas.
2720 8283 4470 8424 Tertia combinatio.
