6837 9570
1952 466 5150 601 Tractatus Primus
1254 718 5878 845 ma substantialis dat esse substantiale et simpliciter: accidentalis vero accidentale
1100 874 6150 997 et secundum quid: vt anima dat homini simpliciter: quia homo non habet esse sim
1138 1019 6060 1148 pliciter sine anima: albedo vero dat homini esse album: quod est esse secundum quid-
1132 1173 6214 1296 nam sine ea potest esse homo. ¶ Secunda diffinitio que est apud Aristotelem in primo
1164 1322 6234 1447 physicorum / sic exponitur: Forma est quoddam diuinum scilicet inquantum est essentialiter qui
1150 1474 5848 1593 dam actus: et optimum scilicet inter principia rerum naturalium: vel optimum inquantum est
1150 1626 6208 1751 finis transmutationis: finis autem in vnoquoque habet rationem optimi: et appe-
1150 1784 3486 1901 tibile scilicet a materia cuius est perfectio.
642 2229 1083 2371 Forme
714 2382 1083 2507 nomina.
1182 2258 6188 2375 Et dicitur forma inquantum dat esse materię. Species vero
1108 2710 5552 2839 inquantum est principium cognitonis. Ratio autem inquantum est
1134 3164 6030 3285 finis materię / vel inquantum est proportionabilis materię. En-
1116 3610 5404 3721 delechia siue actus inquantum opponitur priuationi.
664 4252 1080 4377 Forma
508 4544 1062 4691 Species
782 4983 1083 5099 Ratio
562 5904 1058 6039 Endele-
482 6068 974 6195 chia actus.
464 6364 1014 6489 Habitus
542 6813 1083 6951 Quod quid
604 6980 1052 7095 erat esse
1105 3736 2407 3983 Declarat
2446 3771 6116 3890 quidam nomina forme. Ubi sciendum que non est inconueniens ean
1152 3896 6110 4035 dem rem vocari multis nominibus secundum diuersas proprieta-
1114 4072 6152 4189 tes que in re vna inueniuntur: a quibus etiam nomina rebus imponuntur. Forma itaque pro
1138 4222 6174 4336 pter diuersas eius proprietates / diuersa habet nomina. Nam dicitur primo forma
1128 4374 6192 4486 inquantum informat seu actuat materiam dans illi esse: non entitatiuum / quo scilicet
1132 4522 6204 4637 recessit de non esse: sed solum formale / vt supra diximus. Secundo dicitur species:
1114 4674 6098 4790 inquantum per formam venimus in cognitionem rei cuius est: sicut per speciem. i. simili-
1110 4825 6178 4938 tudinem lapidis que est in intellectu / venimus in cognitionem lapidis. Tertio dici
1083 4974 6186 5094 tur ratio inquantum est finis materie. Nam materia est propter formam: vt colligitur ex
1118 5127 6202 5240 secundo de anima et secundo physicorum: vbi etiam dicitur que forma et finis coincidunt in
1116 5273 6200 5392 idem numero: vt infra patebit. Ex ipsa etiam forma capitur ratio dispositionis ma
1106 5422 6170 5541 terie. Nam omne agens volens producere formam in materia electa materia prius
1100 5572 6076 5697 sic eam disponit sicut forma requirit. Uel ideo dicitur ratio: quia est proportionabi
1120 5716 6132 5853 lis materie sicut actus sue potentie seu perfectio suo perfectibili: et propter hanc pro-
1140 5870 6164 5993 portionem ex eis constituitur vnum. Quarto dicitur Endelechia grece vel actus lati
1124 6020 6200 6147 ne: quia scilicet actuat et perficit materiam / abijciendo ab ea priuationem sibi oppositam. Et hec
1120 6168 6192 6297 sunt quattuor nomina forme que declarantur in textu. Preter hec autem inueniuntur
1128 6326 6204 6449 et alia. Nam quandoque dicitur habitus / inquantum scilicet opponitur priuationi. Unde
1102 6474 6166 6597 secundo de generatione dicitur: habitibus. i. formis presentibus in materia cessat omnis
1108 6630 5968 6752 motus / scilicet ad illas formas. Uocatur etiam ab Aristo. ij. physicorum et alibi fre-
1083 6782 6130 6918 quenter quod quid erat esse / hoc est quidditas: non que ipsa sola sit tota quidditas
1156 6933 6176 7053 rei materialis: Nam secundum Aristo. vij. metaph. Materia est etiam pars quidditatis rei mate
1104 7077 6204 7206 rialis: sed ideo quia forma est principalior pars homini quidditatis. Cui placuerit cognosce
1098 7233 6230 7367 re plura nomina forme / videat expositores circa secundum physicorum: a quorum declaratione
1100 7379 4180 7507 hic amore breuitatis abstineo. Deinde cum dicit:
534 7817 1083 7929 Proprie
484 7955 1048 8072 tates ma-
466 8102 1083 8225 terie et for
464 8259 712 8375 me.
1083 7823 5968 7963 Nota que materię est pati et moueri. Mouere autem et facere alte-
1054 8284 3788 8415 rius sunt potentię / scilicet formę.
