2128 2824
714 397 1776 452 Legimus enim in libro Iohannis abbatis montis synai
723 451 1779 504 quoniam quidam frater vidit in visione a se exigi rationem operum suo
720 506 1782 557 rum de tota vita sua et post terribilium exactionem adhuc con-
717 560 1791 611 sideravit se obligatum in centum libris auri et postea in
723 617 1778 662 vim solucionis istorum subiecit se abiectissimis vilitatibus et per
732 669 1785 719 sequucionibus per triennium pro quibus penis vidit decem libras
723 724 1791 771 solutas Et dixit sibi puto astans angelus dei adhuc super
723 776 1788 828 habundamciori labore indiges si liber esse volueris Quo po
723 830 1797 879 stea cum afflictione etiam amentie et insipientie se subiecit et ratio-
722 886 1791 935 nis privacionem simulauit cui ceteri fratres omnia opera vilis
711 937 1791 989 sima et graviora iniunxerint irridentes contempnentes et pro
723 992 1791 1044 fatuo eum reputantes que omnia promptissime sustinuit per
710 1046 1788 1098 xiii. annos quibus elapsis vidit se ab omni debito absolutum
711 1100 1790 1152 et post dixit fratribus et quoniam in his iniuriis incessantur
711 1154 1791 1202 memorabatur debitorum suorum et ob spem liberacionis omnia
719 1207 1788 1256 libenter sufferebat. Ecce quomodo hee iniurie ipsum ap
719 1262 1791 1308 tabant ad bene moriendum debitis persolutis. Non enim
717 1318 1242 1364 punit deus bis in idipsum.
962 1374 1589 1411 ¶ Capitulum Terciumdecimum
1019 1424 1581 1464 De desiderio divine fruicionis
667 1450 871 1630 O
879 1475 1797 1521 Ccurrit et aliud omnium predictorum conclusionum et
888 1529 1790 1577 ad bene moriendum maxime dispositivum videlicet
900 1582 1788 1629 fervens desiderium divine fruicionis quo mens devo
711 1636 1791 1689 ta precedentibus incalescens languet igne amoris divini
714 1688 1794 1743 impaciens dilacionis ad videndum faciem sui creatoris hoc exili
720 1741 1791 1799 um impacientissime ferens tanquam in carcere reclusus quot-
714 1798 1788 1851 tidie dicens ex mentis anxietatibus. Filie ierusalem nunctiate
723 1850 1791 1905 dilecto et amore eius langueo nauseans omnia que in hoc mun
723 1904 1794 1959 do conspiciuntur solo uno contentus quo in spe percipiendorum
714 1957 1793 2013 respirat sciens secundum Augustinum. x. libro confessionum beatam
723 2009 1790 2067 vitam in presenti non aliam esse quam gaudium mentis de deo ad
711 2065 1790 2121 deum et propter deum quolibet alio excluso. Non inquam ta
720 2117 1782 2177 li qaudio claudi ca~do in duas partes quali idem Augustinus.
