2128 2824
674 407 1737 467 martinum gloriosa mundi luminaria et ceteros tales lo-
669 463 1745 521 quor cognovimus. Qui et si non curas secularium cor
668 521 1752 575 pore relinquerunt tamen mente tota deo adheserunt liga
669 572 1752 627 ti in cathedris pontificalibus corpore. sed non corde to
675 625 1755 681 ta enim sollicitudine artem bene moriendi et in illis didice
672 677 1743 734 runt ymmo et docuerunt. Quid enim extreme in his ho
681 733 1749 789 minibus et principaliter queritur nisi innocentia vite
669 788 1761 840 digni fructus penitentie et cum deo sollicite ambulare
675 841 1758 894 unde prioribus non contenti et ipsis supererogaverunt
672 896 1748 947 Et si quis forte modernis temporibus illis se equare vel
672 945 1755 1004 let etiam per illorum viam se putans artem bene mo-
668 1001 1761 1058 riendi velle addificere videat caute ne seducatur cum ve
669 1057 1755 1112 rum dicam paucos seu nullos in vita hac vidisse me re
669 1108 1758 1164 colo quales illos lego fuisse. Mihi igitur et mei simili-
675 1162 1752 1218 bus iudico expedire ad salutem tanquam aviculas implu-
678 1216 1752 1272 mibus in nidulo quescendum et plumescendum et in um
675 1270 1764 1326 bra delitescendum quoniam fateor me alas non habere
692 1327 1757 1379 sub quibus pullos recolligere possem vix enim meam
675 1378 1760 1434 nuditatem recondere habeo et pallium minutum et bre
675 1432 1752 1488 ve utrunque cooperire non potest ne de nidulo implu-
687 1486 1751 1542 mis evolando bestiis et avibus ad devorandum me tra
678 1541 1761 1596 dam. Nam secundum Augustinum. xix. de civitate
686 1592 1766 1649 dei. Ocium sanctum querit caritas. veritatis negoci
675 1651 1761 1704 um iustum suscipit caritatis necessitas quam sarcinam
693 1703 1767 1755 si nullus imponit percipiende atque intuende vacandum
687 1756 1758 1812 est veritati. Quantum igitur est et esse debet de princi-
681 1807 1761 1863 pali intentione hominis tunc ex se semper intendere de-
681 1864 1764 1920 bet ad dei et sui vacacionem nisi necessitas obedientie
686 1916 1767 1973 imponat sarcinam cure pastorialis et tunc illam impositam
678 1970 1758 2028 continuare debet Ideo sub ista cautela infirmantium stilus
681 2023 1773 2082 hucusque processit Qui filius ut verum fatear. circa propositum in
687 2080 1769 2138 longius processit quam estimabam. Quippe et magnitudo rei
