2806 3690
621 217 1577 314 Lachnowo Syedlicze Nabadinye Dolinye
1122 286 1779 376 Assignatio peccuniarum super totam l...s
269 225 2443 447 Kazimirus Dei gracia Rex Polonie Magnus dux Littwanie et heres Russie Significamus
333 404 2444 505 tenore presencium quibus expedit universis Quomodo consideratis fidelibus servi
337 470 2445 570 ciis et constantis fidei meritis quibus nobilis Iwan Curilo nostre meruyt placere
332 523 2446 615 majestati et signanter in terra nostra Podolie ipsam terram nostram de Inimicis Tha
360 575 2440 674 tarris premuniendo horum intuitu volentes ipsum nostris prosequi favoribus et ad servi
352 624 2410 734 cia nostra facere promcipciorem Sibi et suis successoribus legittimis in et super va
336 692 2440 808 stitate alias na pustini Lachnowo Svedlycze Na babynye Dolinye in terra
293 769 2430 875 Podolie et districtu Cameneczensi sitis Quinquaginta marcas monethe et numeri Po
350 833 2388 928 lonicalium quadraginta octo grossos marcam in quamlibet computando dedimus donavimus
295 900 2409 989 damusque et donamus et largimur graciose Cum omnibus et singulis prefate vasti
337 958 2385 1049 tatis aut ville in ea locande utilitatibus fructibus Censibus reddittibus
316 1028 2345 1126 proventibus agris campis pratis Silvis Borris mercis Bo nemoribus
348 1081 2353 1194 Sareptis Indaginibus mellificiis fluviis fluminibus lacubus staugnis
315 1155 2347 1249 paludibus piscinis piscaturis Rippis rivulis torrentibus Molendinis
347 1224 2421 1321 ac eorum emolimentis per ipsus By Iwan Curilo et suos succesores habendum
354 1281 2384 1392 tenendum utifruendum ac pacifice possidendum tam diu quousque prefate
350 1354 2388 1443 quinquaginta marce sibi per nos aut nostros succesores fuerint persolute quibus so
348 1426 2363 1509 lutis prefate vastitatis possessio aut ville in ea locande ad nos devol
359 1487 2366 1573 vetur pleno jure Ita tamen quod prefatus Iwan Curilo in prefata vasti
334 1548 2385 1659 tate et sui successores legittimi residenciam facient personalem Casu vero quo in
375 1625 2412 1725 eadem vastitate prefatus Curilo ac sui succesores legittimi residenciam non
351 1693 2346 1792 facerent personalem Ex tunc ipso facto ipsa bona ad nos et nostros
344 1765 2372 1874 succesores dewolventur ac de eis disponere poterimus prout nostre placebit
362 1831 2361 1942 majestati prefatus ecciam Iwan Curilo contra inimicos consurgere debet
371 1892 2356 2011 et sui succesores legittimi quociencunque fuerit opportunum ipsis ad resisten
303 1978 2387 2085 dum juribus tamen regalibus ac stacionibus per omnia semper salvis harum
365 2041 2357 2159 quibus sigillum nostrum presentibus est appensum testimonio litterarum Actum
375 2110 2408 2240 et datum in Camyenecz feria tercia infra octavas Assunpcionis Marie
349 2189 1322 2275 Anno Domini Millesimo quadringentesimo quadragesimo octavo
1316 2316 2401 2450 Relacio Magnifici Johannis de Conyeczpole
1331 2421 2288 2525 Regni Polonie Cancellarii
333 2515 2399 2649 Kazimirus Dei gracia Rex Polonie magnus dux Lyttvanie et heres Rusie
288 2576 2096 2741 Significamus tenore presencium quibus expedit universis Quoniam
