2917 3743
494 206 1748 351 Littera super Theloneum pontale civitatis Pysdri
281 260 2492 443 In nomine Domini Amen Ad perpetuam rei memoriam Quoniam tunc multis errorum et dubiorum
424 422 2483 531 prudenter occurrimus incomodis dum gesta etatis nostre litterarum apicibus et testium
418 481 2469 570 annotacione perhennamus proinde nos Kazimirus Tercius Dei gracia Rex Polonie necnon
412 528 2486 610 Terrarum Cracovie Sandomirie Syradie Lancicie Cuyawie Magnus dux Lythwanie Pome
419 589 2533 670 ranie quoque dominus et heres Russie Significamus tenore presencium universis presentibus et
410 637 2525 729 futuris presencium noticiam habituris Quod autem amplas innate nobis benignitatis favores
392 699 2517 794 Singularem clemencie nostre respectum ad civitatem nostram Pysdry graciose convertimus
409 764 2510 853 specialis gracie nostre favore eandem vesicē cupientes defectusque et pressuras quibus a
413 819 2533 915 diu pressa extitit et gravata sibi (ammonentibus) Considerantes maxime quod prefata nostra
431 888 2480 967 in littore fluwii Wartha sita propter navigii insecuritatem et viarum discrimina
410 934 2543 1020 tam a mercatoribus Indigenis Regni quam ectiam ab extraneis qui plerumque iter conceptum aggre
416 994 2523 1079 diendi ipsam civitatem rer personarum ac rerum suarum evitando pericula subterfugiunt et
422 1044 2507 1148 revocant non sine difficultate ...um que lesura aduri possit Cupientes igitur dicte nostre
403 1118 2523 1203 civitati de remedio providere opportuno ne tempore nostri felicis regiminis periclitando suorum
398 1169 2510 1269 sed pocius aucta in se per nos senciat incrementa prelatorum baronum que nostrorum tam
351 1236 2526 1342 Majoris Polonie quam Cracoviensium Terrarum sano facti consilio attente ectiam quod hoc nostra preroga
405 1302 2511 1400 tiva nullipiam inferet prejudicium et gravamen ymmo verius omnibus redet in propeitum Na
418 1375 2508 1458 vigyum circa predictam nostram Civitatem super fluviio Wartha antiquitus habitimus
413 1430 2502 1525 immunitis que predecessorum nostrorum firmatum et edictum cum suis proventibus civitate
393 1492 2529 1585 predicte datum et firmatum presentibus duximimus cassandum et anullandum In cujus recompensa
393 1544 2475 1658 cives predicti pontem per fluvium Wartha et alveos sed seu decursus ab ipso pro
422 1609 2491 1710 entes aggeres per declina nemorosa alias przeserlang predicto fluvio coadjacentes
401 1680 2508 1788 De nostro indulto et consensu speciali non mediocubus ipsorum sumptibus et impensis erexere
405 1736 2505 1841 edificaverunt et construxerunt pro introeuncium securo transitu et redeuncium integro in
367 1791 2487 1902 gressu preterea ut pontes et aggeres hujusmodi ad communem structi securitatem et
392 1862 2507 1971 profectum reformacionis et structure habeant subsidiam voluimus statuimus et decrevimus
418 1902 2530 2019 per presentes ut omnes et singuli negociatores mercatores cujuscumque status condicione
435 1973 2527 2071 aut preeminencie existant mercancias exercentes per pontes et aggeres hujusmodi cum rebus
439 2036 2502 2144 et mercanciis ipsorum quibuscunque transeuntes a quolibet curru qui numerum duorum
429 2118 2517 2206 equorum ipsum trahencium excedit unum grossum monete in Regno communiter decurrentis
431 2158 2522 2288 racione thelonei pontalis per nos instituti in recompensam navigii per nos destitutiẜſi..
428 2229 2529 2343 civibus solvant Qui vero currus duobus equis trahitur ad solucionem unius me..
435 2281 2512 2383 dii grossos tenebitur par...o qui currus uno trahitur equo per ipsa pontem et aggeres
422 2349 2526 2455 proficiscens Ad solvendum quatuor denarios presenti statuto dumptaxat erit obligatus
368 2391 2516 2629 In super statuimus quod omnes et singuli emptores Cabellos et bones ad quecumque
438 2476 2515 2569 loca foralia per prefata pontes et aggeres depellentes ad soluendum unum denarium
453 2531 2499 2636 a quolibet equo seu Bone racione pontalium dantis civibus tenebuntur quod the...
447 2600 2505 2702 taliter ut est premissum institutum predicte civitati nostre Cum omnibus ipsius proventis
407 2663 2525 2759 damius donamus et largimur graciose perpetue et in evum per ipsos cives in perpetuo
455 2726 2532 2825 recipiendum levandum exigendum et pro utili predicte civitatis convertendum prout consilio
432 2786 2510 2886 et communitati pro tempore existentibus melius videbitur expedire Expresso tamen quod
447 2843 2514 2949 Nobiles terrigene ac ipsorum kmethones ab hac lege per nos statuta er...
465 2912 2496 3020 penitus liberi et exempti presertim tm qui res et genera in ipsa civitate per
468 2978 2514 3084 eosdem non mercancie sed pura causa pendicionis adnota an ipsam perducunt
473 3045 2512 3166 civitatem quibus liber et securus patebit transitus et regressus non obmissis
476 3097 2490 3240 eciam quod cives predicti racione talismodi nostre donacionis ad reformacionem vestra
473 3166 2376 3284 racioni antiquorum mediante exigente ad constructionem et demio edificacionem
