2917 3743
614 333 2571 446 poncium fert et aggeris predictorum presenti scapto erunt penitus astricti et obli
566 419 2630 516 gati temporibus sempiternis In cujus rei testimonium sigillum nostrum presentibus est appensum
592 469 2597 551 testimonio litterarum Actum Cracovie sabbato in vigilia Beate Marie Magdalene anno
612 524 2570 618 Domini mllesimo quadringentesimo quinquagesimo tercio presentibus ibidem reverendissimo in Christo patre domino Sbigneo
598 577 2555 667 miseracione divina tituli Sancte Prisce presbytero cardinali et episcopo Cracoviensi necnon
605 629 2569 745 magnificis et generosis Johanne de Czyszow castellano Johanne de Thanczn pallatino
597 686 2563 787 Cracoviensi Luca de Gorka Poznaniensi de Stanislao de Ostrorog Kalisiensi
610 747 2548 841 Laurencio de Kalynowa Syradiensi pallatinis Predborio de Conyeczpole
617 809 2585 906 Sandomirensi Derslao de Rauthwyny Rosperagensi Castellanus et
600 861 2549 962 aliis multis fidedignis testibus circa premissa Datum per manus magni
597 924 2600 1048 ficorum Johannis de Conyczpole Cancellarius et Petri de Sczokocyny
626 989 1991 1092 vicecancellarius Regni Polonie sincere nobis dilecto
2120 1084 2260 1189 ejusdem
1648 1087 2539 1246 Relacio magnifici Johannis de
1838 1217 2482 1311 Conyczpole Regni Polonie Cancellarii
