2916 3742
364 264 2393 856 In nomine Domini Amen Ad perpetuam rei memoriam Nos Kazimirus Dei gracia
501 462 2346 577 Rex Polonie necnon Terrarum Cracovie Sandomirie Siradie Lancicie Cuyavie
455 525 2373 648 magnus dux Lithwanie Russie Prussie Chulmensis Kinczsberiensis Elbingensis Pome
583 573 2541 711 ranie Terrarum Dominus et heres Significamus tenore presencium Benignitas regalis
567 643 2384 753 excellencie nostre quam illi propicia inspirat divinitas et naturalis originalisque
539 708 2406 838 prestat instinctus et se universos justum presidium nostrum et tutellam expetentes In
568 760 2433 887 sinum miseracionis et proteccionis suscipit Ad illorum tamen profectus defensionem et comoda
534 818 2448 939 Inclinatur uberius qui erga nos et Regnum nostrum tam fervido cordis feruntur affe
425 837 2456 1011 ctu ut calamitates oppressionesque suas hactenus illis regencium tirrannide multipharie
529 938 2484 1062 illatas non per alterius nisi per nostram dexteram credant facilius rescindi nec cujuspiam
462 1004 2462 1123 Throno quam nostro a quo priscis temporibus illicita alienacione exciderant justius posse
521 1058 2403 1193 et regi et contineri non tam superbo et avaro quam injusto renuncciando imperio
426 1119 2426 1242 Talium siquidem firma constancia fidesque sincera non solum dignis laudum preconiis
507 1162 2432 1272 attoli verum eciam Regalium meretur et debet beneficiis compensari Significamus
518 1223 2468 1362 itaque universis tam presentibus quam futuris qualiter et si prelatorum spiritualium et secu
494 1282 2435 1399 larium magnificorum strennuorum et nobilium prudencium que militarium videlicet Terrigena
497 1343 2533 1457 rum Civium et universe Comunitatis Terrarum Prussie Chulmensis Kinczsberiensis Elbingensis
472 1405 2414 1510 et Pomeranie crebris precibus et legacionibus superioribus temporibus fuissemus rogati
488 1465 2445 1587 quatinus ipsos in eorum juribus libertatibus Immunitatibus et privilegiis et signanter
403 1518 2483 1639 In unione et liga per ipsos rite et sincere inita et condita per Magistrum et ordinem
487 1566 2474 1689 Prussie admissa Ad cujus enervacionem et violacionem Magister et ordo variis viis colori
494 1633 2465 1766 bus et violenciis hactenus usus est In quorum firmitate vel collapsu fedus pacis perpetue
468 1699 2547 1818 Cum magistro et ordine Cruciferorum Sancte Marie de Prussia per Germanum nostrum
467 1757 2404 1908 dive memorie serenissimum principem dominum Wladislaum Polonie et Hungarie Regem
466 1822 2406 1947 firmatum subsistencia dependet vel ruina Et quod prefatus magister et ordo liga
470 1886 2375 2010 et unione eorum demollita dirumpere nowaque bella nobis et Regno nostro inferre
453 1937 2420 2069 destinabant Ipsosque militares et cives Injusta secum gerere bella impellebant
340 1985 2390 2131 manutenere et defensare dignaremur asserentes se jugum oppressionum calamitatum et
406 2058 2429 2176 gravaminum Actenus a magistro et ordine cervicibus eorum violenta tirrannide inne
438 2125 2384 2243 xum et prefate lige et unionis rupturam nullatenus nisi provisio nostra qui
485 2176 2399 2287 ordinis illius fundator dotator et patronus sumus celeriter intervenerit tolleraturos
340 2206 2420 2356 Nos tamen nullum eorum calamitati prestandum censuimus suffragium sed parti utrique recon
458 2294 2481 2394 ciliacioni perswasimus esse insistendum ne alere oriens incendium videremur Verum cum
437 2353 2439 2472 temporis processu differencia parcium adeo invalesceret crescendo ut prelati spirituales et
408 2411 2414 2528 seculares militares Terrigene et cives terrarum predictarum spe extrema destituti
443 2455 2351 2607 et injuriarum magnitudine pressi violentis dominis jura et privilegia atque
346 2519 2393 2657 Immunitates eorum pro libito frangentibus nullatenus sibi de cetero parendum duxerint
423 2589 2382 2713 sed legibus divinis et humanis innixi que injustis dominis scelus et nephas
418 2652 2380 2762 agentibus nullatenus parendum decernunt obediencia et subyeccione magistro et ordini
424 2699 2460 2826 subtracta Nos quoque per magnificos et spectabiles milites prudentesque viros Johannem
392 2772 2393 2876 de Baysen Augustinum de Schewe Gabrielem de Baysen Nicolaum de Wolkowo
346 2829 2411 2936 Judicem Drschoviensen Laurencium Czeyticz Chulmensem Ruthigerum de Birken Thorunen
433 2885 2405 3006 sem Laurencium Pilgrim Elbingensem preconsules Johannem call Brunspariensem Grego
405 2956 2485 3112 rium Swach Krolowgrodensem Nicolaum Rodeman de Knipow Vilhelmum Jordan
