<?xml version="1.0" encoding="UTF-8" standalone="yes"?>
<PcGts xmlns="http://schema.primaresearch.org/PAGE/gts/pagecontent/2013-07-15" xmlns:xsi="http://www.w3.org/2001/XMLSchema-instance" xsi:schemaLocation="http://schema.primaresearch.org/PAGE/gts/pagecontent/2013-07-15 http://schema.primaresearch.org/PAGE/gts/pagecontent/2013-07-15/pagecontent.xsd">
    <Metadata>
        <Creator>prov=University of Rostock/Institute of Mathematics/CITlab|PLANET AI GmbH/Tobias Gruening/tobias.gruening@planet-ai.de:name=/net_tf/LA73_249_0mod360.pb:de.uros.citlab.segmentation.CITlab_LA_ML:v=2.6.7
Transkribus</Creator>
        <Created>2022-10-04T02:30:18.510+02:00</Created>
        <LastChange>2023-01-28T15:43:49.020+01:00</LastChange>
        <TranskribusMetadata docId="1288214" pageId="51494420" pageNr="4" tsid="111880615" status="IN_PROGRESS" userId="110750" imgUrl="https://files.transkribus.eu/Get?id=RGLBHKYSQOIJAXWXQFWQJGEF&amp;fileType=view" xmlUrl="https://files.transkribus.eu/Get?id=XAXNYRWAKYQBLYIKRKHLHMKP" imageId="39295209"/>
    </Metadata>
    <Page imageFilename="PL_1_4_1-10_0125v.jpg" imageWidth="2916" imageHeight="3742">
        <ReadingOrder>
            <OrderedGroup id="ro_1681816259756" caption="Regions reading order">
                <RegionRefIndexed index="0" regionRef="r2"/>
            </OrderedGroup>
        </ReadingOrder>
        <TextRegion orientation="0.0" id="r2" custom="readingOrder {index:0;}">
            <Coords points="614,287 617,3047 2721,3047 2718,287"/>
            <TextLine id="r2l2" custom="readingOrder {index:0;}">
                <Coords points="698,425 770,421 791,444 809,429 875,423 963,422 1052,422 1140,422 1195,425 1209,456 1229,422 1317,422 1406,422 1494,422 1583,424 1672,424 1760,425 1849,425 1937,425 1965,448 1980,430 2026,425 2114,425 2180,428 2189,443 2209,436 2227,417 2245,411 2291,425 2380,424 2428,431 2452,415 2475,399 2467,384 2378,386 2291,392 2203,392 2114,392 2026,392 1937,392 1849,392 1760,392 1676,378 1587,351 1494,362 1406,389 1317,389 1237,366 1148,366 1048,367 959,367 873,357 784,358 698,392"/>
                <Baseline points="698,414 786,413 875,412 963,411 1052,411 1140,411 1229,411 1317,411 1406,411 1494,411 1583,413 1672,413 1760,414 1849,414 1937,414 2026,414 2114,414 2203,414 2291,414 2380,413 2469,411"/>
                <TextEquiv>
                    <Unicode>occupacionis Terrarum predictarum omnia bona et merces quarumcumque manerierum</Unicode>
                </TextEquiv>
            </TextLine>
            <TextLine id="r2l3" custom="readingOrder {index:1;}">
                <Coords points="689,469 743,464 778,469 853,461 867,469 885,495 903,470 956,470 990,477 997,496 1021,496 1045,470 1134,472 1223,472 1236,471 1234,511 1254,472 1272,476 1273,488 1278,500 1301,502 1307,502 1316,488 1323,472 1402,473 1491,473 1562,473 1575,496 1627,501 1646,505 1669,475 1758,475 1792,472 1847,475 1937,475 1939,489 1934,515 1944,520 1954,520 1979,512 1983,492 1989,478 2026,475 2072,481 2115,475 2204,473 2226,479 2251,489 2268,492 2283,485 2293,472 2354,476 2368,500 2382,470 2446,487 2472,469 2472,436 2471,400 2454,407 2447,413 2443,422 2438,434 2382,437 2293,439 2266,438 2256,411 2240,406 2232,411 2227,416 2221,433 2204,440 2191,444 2178,443 2115,442 2026,442 1998,433 1982,427 1978,433 1974,449 1937,442 1871,427 1847,442 1758,442 1672,435 1659,431 1639,439 1580,442 1491,440 1402,440 1353,427 1313,440 1275,423 1250,421 1238,435 1223,439 1214,447 1187,440 1134,439 1045,437 1044,423 1027,428 1013,435 956,437 867,436 786,442 778,436 767,435 744,426 720,421 704,425 689,436"/>
                <Baseline points="689,458 778,458 867,458 956,459 1045,459 1134,461 1223,461 1313,462 1402,462 1491,462 1580,464 1669,464 1758,464 1847,464 1937,464 2026,464 2115,464 2204,462 2293,461 2382,459 2472,458"/>
                <TextEquiv>
                    <Unicode>Divina permissione naufragium in mari passorum velut propria ex naufragio quasi</Unicode>
                </TextEquiv>
            </TextLine>
            <TextLine id="r2l4" custom="readingOrder {index:2;}">
                <Coords points="589,520 595,545 606,550 637,551 663,558 678,562 690,569 701,576 712,574 704,567 684,545 624,541 624,527 641,520 675,512 699,516 745,520 821,522 839,550 849,522 878,509 911,524 1000,524 1063,525 1069,548 1082,552 1090,525 1181,516 1230,523 1241,530 1286,552 1284,520 1359,525 1449,525 1538,525 1569,524 1573,542 1628,525 1680,531 1718,525 1807,525 1897,525 1920,554 1984,550 2006,530 2039,527 2067,554 2095,526 2166,527 2189,525 2198,549 2218,525 2256,527 2345,527 2413,533 2427,552 2435,527 2525,528 2525,491 2497,476 2475,489 2460,497 2453,480 2442,478 2426,489 2362,502 2345,490 2343,479 2295,492 2256,490 2228,492 2229,485 2214,473 2209,471 2201,479 2194,489 2166,490 2076,490 2003,480 1987,490 1980,511 1969,513 1951,516 1937,513 1938,504 1934,489 1898,475 1815,481 1800,467 1779,475 1770,484 1718,488 1672,483 1660,485 1643,508 1576,500 1538,488 1449,488 1394,481 1359,488 1319,493 1316,485 1297,479 1281,479 1260,479 1245,483 1241,487 1223,496 1180,488 1130,476 1090,488 1015,500 1000,495 1000,487 911,487 901,481 883,489 873,490 872,480 859,460 849,462 839,468 832,480 821,485 726,482 692,471 668,470 639,478 589,483"/>
                <Baseline points="732,509 821,510 911,512 1000,512 1090,513 1180,513 1269,513 1359,513 1449,513 1538,513 1628,513 1718,513 1807,513 1897,513 1987,515 2076,515 2166,515 2256,515 2345,515 2435,515 2525,516"/>
                <TextEquiv>
                    <Unicode>jure facta occupabant Nos tamen qui Rex katholicus sumus et sortem huiusmodi</Unicode>
                </TextEquiv>
            </TextLine>
            <TextLine id="r2l5" custom="readingOrder {index:3;}">
                <Coords points="597,582 624,593 655,598 692,605 708,608 727,620 731,605 684,583 632,574 627,548 653,543 672,541 700,544 719,554 733,567 827,573 905,565 914,575 1000,575 1080,569 1087,576 1174,576 1195,580 1227,576 1260,578 1347,578 1395,577 1424,604 1434,578 1453,598 1475,596 1520,578 1528,607 1553,583 1607,578 1694,578 1780,578 1867,579 1889,583 1901,598 1930,578 1954,579 1981,571 2040,579 2127,581 2214,581 2300,582 2387,584 2419,572 2474,585 2474,549 2426,549 2405,530 2387,548 2366,535 2300,546 2214,545 2198,552 2187,528 2173,527 2127,545 2093,545 2065,551 2040,543 1995,543 1983,551 1954,543 1928,551 1867,543 1838,530 1816,531 1780,542 1694,542 1666,531 1607,542 1573,536 1566,530 1556,520 1540,533 1524,531 1500,531 1497,544 1452,536 1426,530 1418,538 1372,535 1347,542 1315,539 1281,551 1260,542 1210,537 1200,522 1180,517 1158,520 1149,527 1141,543 1087,540 1078,551 1058,537 1037,526 1007,526 1000,539 914,539 909,522 895,519 882,527 871,542 830,550 827,537 755,528 741,533 701,523 674,520 645,525 640,529 625,536 597,546"/>
                <Baseline points="741,560 827,561 914,563 1000,563 1087,564 1174,564 1260,566 1347,566 1434,566 1520,566 1607,566 1694,566 1780,566 1867,567 1954,567 2040,567 2127,569 2214,569 2300,570 2387,572 2474,573"/>
                <TextEquiv>
                    <Unicode>Naturali et Divino jure Sedisque Apostolice decreto dampnatam velut crudelem</Unicode>
                </TextEquiv>
            </TextLine>
            <TextLine id="r2l6" custom="readingOrder {index:4;} textStyle {offset:33; length:40;strikethrough:true;}">
                <Coords points="735,620 823,622 868,623 882,648 911,623 999,625 1027,638 1032,620 1087,625 1175,626 1217,626 1234,626 1230,682 1263,626 1351,626 1439,628 1450,637 1527,628 1615,628 1703,628 1723,625 1732,646 1758,627 1791,628 1879,628 1949,628 1955,649 1987,624 2018,625 2032,636 2049,643 2062,652 2069,656 2076,641 2075,623 2143,626 2231,626 2268,621 2319,625 2407,625 2496,623 2496,589 2407,591 2356,584 2319,591 2231,592 2143,592 2053,586 1967,592 1904,604 1879,594 1791,594 1703,594 1615,594 1527,594 1462,601 1439,594 1418,599 1351,592 1305,582 1282,580 1263,592 1230,581 1175,592 1087,591 999,591 900,565 823,588 735,586"/>
                <Baseline points="735,609 823,611 911,612 999,614 1087,614 1175,615 1263,615 1351,615 1439,617 1527,617 1615,617 1703,617 1791,617 1879,617 1967,615 2055,615 2143,615 2231,615 2319,614 2407,614 2496,612"/>
                <TextEquiv>
                    <Unicode>et injustam execramur pollicemur et merces quarumcumque manerierum divina</Unicode>
                </TextEquiv>
            </TextLine>
            <TextLine id="r2l7" custom="readingOrder {index:5;} textStyle {offset:0; length:22;strikethrough:true;}">
                <Coords points="688,678 688,699 716,697 727,726 747,691 787,684 807,701 828,706 850,679 898,678 988,679 1019,705 1036,699 1055,701 1078,699 1100,687 1167,680 1190,688 1257,680 1270,724 1294,682 1347,680 1437,680 1526,680 1616,678 1689,677 1695,703 1715,683 1796,678 1803,700 1829,686 1844,687 1860,706 1873,681 1885,677 1975,677 2066,665 2139,673 2162,690 2188,690 2212,700 2220,715 2230,685 2219,672 2244,672 2334,671 2385,686 2415,689 2424,669 2437,695 2475,668 2523,668 2523,632 2508,621 2477,626 2455,619 2449,622 2424,633 2334,635 2272,620 2263,626 2244,636 2155,638 2102,641 2067,656 2037,638 1975,641 1960,639 1941,628 1885,641 1864,635 1796,642 1734,641 1728,627 1711,626 1689,637 1662,638 1616,642 1529,636 1437,644 1347,644 1257,644 1229,685 1230,653 1202,644 1167,644 1113,635 1078,644 1059,646 1050,633 1035,622 1028,631 1020,641 988,643 898,642 877,647 866,645 851,627 838,623 832,628 824,638 808,642 688,642"/>
                <Baseline points="719,665 808,666 898,666 988,667 1078,668 1167,668 1257,668 1347,668 1437,668 1526,668 1616,666 1706,666 1796,666 1885,665 1975,665 2065,663 2155,662 2244,660 2334,659 2424,657 2514,656"/>
                <TextEquiv>
                    <Unicode>permissione naufragium que res et bona cujuscumque ponderis aut valoris existant</Unicode>
                </TextEquiv>
            </TextLine>
            <TextLine id="r2l8" custom="readingOrder {index:6;}">
                <Coords points="737,729 826,731 871,745 886,745 903,740 905,756 940,751 954,725 1003,734 1097,724 1149,735 1167,750 1182,732 1213,733 1231,724 1253,722 1271,734 1360,734 1449,734 1482,736 1496,775 1508,741 1522,746 1535,752 1564,751 1574,747 1588,736 1616,737 1646,752 1716,732 1805,732 1894,732 1983,731 2047,744 2072,729 2120,733 2135,755 2161,729 2250,728 2339,726 2428,725 2436,759 2461,751 2482,718 2526,722 2526,685 2480,671 2456,684 2441,695 2428,688 2404,695 2339,689 2250,691 2233,692 2216,715 2191,695 2161,692 2078,672 2053,664 2021,676 2016,690 1983,694 1894,695 1869,693 1859,709 1836,696 1805,695 1796,684 1777,693 1742,676 1733,682 1726,688 1716,695 1701,705 1668,698 1627,697 1538,697 1533,685 1524,677 1514,676 1490,696 1449,697 1360,697 1293,697 1269,724 1261,694 1182,695 1147,705 1093,695 1080,699 1041,702 1022,705 1004,695 976,692 962,678 941,677 934,688 915,694 829,704 813,706 772,701 737,692"/>
                <Baseline points="737,717 826,719 915,719 1004,720 1093,720 1182,720 1271,722 1360,722 1449,722 1538,722 1627,722 1716,720 1805,720 1894,720 1983,719 2072,717 2161,717 2250,716 2339,714 2428,713 2517,710"/>
                <TextEquiv>
                    <Unicode>earum personarum que maris naufragio periclitabuntur nunquam per nos aut offici</Unicode>
                </TextEquiv>
            </TextLine>
            <TextLine id="r2l9" custom="readingOrder {index:7;}">
                <Coords points="710,783 802,785 869,785 892,807 912,781 986,786 1078,788 1170,788 1262,788 1355,788 1394,799 1447,788 1539,786 1560,784 1597,793 1631,786 1648,809 1664,793 1723,785 1815,783 1907,783 1977,783 1993,802 2010,778 2092,781 2184,780 2276,780 2368,779 2460,779 2498,787 2514,781 2538,790 2549,798 2567,777 2567,741 2526,731 2478,726 2456,763 2437,758 2428,744 2381,734 2354,730 2282,732 2276,744 2243,732 2184,744 2152,743 2136,753 2092,745 2000,746 1907,747 1815,747 1723,749 1631,750 1539,750 1492,772 1491,749 1473,749 1447,752 1399,739 1355,752 1262,752 1266,734 1257,719 1238,720 1229,724 1215,733 1211,745 1170,752 1090,733 1078,752 986,750 973,741 933,753 909,751 902,740 893,739 882,747 802,749 792,742 773,732 764,732 745,743 710,747"/>
                <Baseline points="710,771 802,773 894,774 986,774 1078,776 1170,776 1262,776 1355,776 1447,776 1539,774 1631,774 1723,773 1815,771 1907,771 2000,770 2092,769 2184,768 2276,768 2368,767 2460,767 2553,767"/>
                <TextEquiv>
                    <Unicode>ales nostros velut nostras aut juris nostri petemus aut requiremus Sed illas absque</Unicode>
                </TextEquiv>
            </TextLine>
            <TextLine id="r2l10" custom="readingOrder {index:8;}">
                <Coords points="694,832 814,833 880,827 905,834 996,836 1001,845 1020,857 1040,843 1062,843 1087,836 1145,840 1160,858 1178,837 1269,837 1361,837 1452,837 1524,840 1533,841 1538,865 1554,864 1564,865 1577,865 1593,865 1602,859 1611,847 1616,842 1634,837 1699,836 1719,859 1738,841 1816,837 1907,836 1999,836 2085,825 2136,830 2130,865 2137,866 2165,866 2175,861 2208,849 2246,847 2272,833 2363,831 2454,830 2546,828 2546,792 2537,786 2529,778 2508,782 2494,785 2454,794 2441,782 2363,795 2272,797 2197,792 2181,797 2090,798 1999,800 1989,805 1926,791 1907,800 1816,801 1761,797 1747,783 1731,784 1727,785 1725,790 1716,799 1646,816 1634,801 1575,801 1565,784 1553,783 1544,789 1543,801 1452,801 1393,807 1361,801 1269,801 1178,801 1087,800 996,800 905,798 884,807 814,797 773,797 764,787 744,780 724,784 718,790 694,796"/>
                <Baseline points="723,819 814,821 905,822 996,824 1087,824 1178,825 1269,825 1361,825 1452,825 1543,825 1634,825 1725,825 1816,825 1907,824 1999,824 2090,822 2181,821 2272,821 2363,819 2454,818 2546,816"/>
                <TextEquiv>
                    <Unicode>diminucione per eos quorum ante naufragium fuerunt aut eorum propinquiores demon</Unicode>
                </TextEquiv>
            </TextLine>
            <TextLine id="r2l11" custom="readingOrder {index:9;}">
                <Coords points="712,883 718,906 740,885 784,880 828,882 921,884 1014,885 1094,885 1097,909 1110,914 1125,911 1147,906 1200,887 1205,909 1249,884 1293,887 1349,886 1355,917 1376,917 1389,912 1396,906 1421,894 1421,891 1479,888 1572,888 1665,888 1663,916 1672,925 1680,924 1709,917 1712,913 1733,893 1758,888 1851,888 1944,888 2037,887 2060,912 2086,891 2130,887 2223,885 2252,915 2253,886 2272,889 2316,884 2409,882 2502,879 2576,890 2595,876 2595,839 2530,830 2502,833 2502,842 2409,845 2316,847 2297,833 2284,832 2279,847 2252,847 2223,848 2214,833 2203,830 2193,830 2184,840 2181,850 2160,863 2137,866 2130,850 2114,848 2094,831 2077,823 2069,836 2062,852 2037,850 1944,851 1908,842 1851,851 1847,843 1807,843 1785,846 1758,851 1715,859 1692,848 1666,840 1665,851 1604,860 1596,855 1581,854 1568,867 1540,861 1531,843 1515,839 1479,851 1452,851 1421,840 1386,851 1293,850 1200,850 1158,855 1107,848 1014,848 1004,847 985,835 921,847 828,845 752,840 735,832 729,834 712,846"/>
                <Baseline points="735,870 828,870 921,872 1014,873 1107,873 1200,875 1293,875 1386,876 1479,876 1572,876 1665,876 1758,876 1851,876 1944,876 2037,875 2130,875 2223,873 2316,872 2409,870 2502,867 2595,864"/>
                <TextEquiv>
                    <Unicode>stracione evidenti propinquitatem probantibus colligendas Et in usus beneplacitos decernimus</Unicode>
                </TextEquiv>
            </TextLine>
            <TextLine id="r2l12" custom="readingOrder {index:10;}">
                <Coords points="704,932 793,932 883,933 972,935 1062,936 1152,936 1241,938 1273,958 1302,941 1331,939 1420,940 1503,937 1510,941 1572,936 1584,962 1600,941 1689,942 1779,942 1809,963 1827,942 1868,942 1927,942 1941,930 1967,926 1978,941 2010,933 2048,941 2071,939 2074,961 2102,941 2138,932 2217,937 2228,962 2252,944 2316,936 2406,935 2496,932 2496,895 2406,898 2403,879 2374,889 2365,894 2316,899 2251,914 2227,901 2166,884 2153,884 2140,890 2137,903 2059,911 2048,904 2005,887 1981,900 1958,905 1922,894 1868,905 1779,905 1771,894 1725,907 1705,917 1697,923 1685,926 1665,924 1664,909 1600,904 1510,904 1420,903 1390,894 1384,899 1383,910 1374,915 1353,916 1331,902 1298,889 1278,883 1272,887 1265,899 1241,901 1204,913 1152,899 1148,911 1119,911 1099,911 1062,899 1028,891 972,898 883,896 876,882 855,889 811,893 782,886 774,899 726,907 704,895"/>
                <Baseline points="704,920 793,920 883,921 972,923 1062,924 1152,924 1241,926 1331,927 1420,928 1510,929 1600,929 1689,930 1779,930 1868,930 1958,930 2048,929 2137,928 2227,926 2316,924 2406,923 2496,920"/>
                <TextEquiv>
                    <Unicode>convertendas Contrarie conswetudini aut juri vel pocius corruptelle pro nobis et</Unicode>
                </TextEquiv>
            </TextLine>
            <TextLine id="r2l13" custom="readingOrder {index:11;}">
                <Coords points="697,986 803,986 823,1002 842,1009 859,991 895,986 988,987 1080,987 1172,987 1177,979 1201,976 1265,989 1357,989 1365,983 1428,1002 1449,989 1477,995 1482,1033 1501,991 1529,991 1541,1017 1564,998 1634,990 1726,990 1819,989 1911,989 1933,1008 1958,986 2003,989 2096,987 2188,986 2238,983 2278,1007 2308,999 2331,986 2356,977 2373,983 2465,981 2487,1000 2506,981 2558,978 2558,941 2511,919 2465,944 2373,946 2280,947 2231,956 2223,945 2188,949 2150,934 2130,936 2096,950 2075,963 2057,944 2022,934 1999,938 2003,952 1965,930 1949,923 1932,933 1926,949 1911,952 1846,941 1819,952 1813,960 1726,953 1679,941 1662,937 1652,944 1634,953 1580,961 1571,944 1558,937 1546,940 1542,952 1525,950 1498,935 1449,952 1357,952 1331,939 1311,953 1274,955 1265,952 1252,945 1221,938 1209,936 1185,935 1183,941 1172,950 1087,940 1061,940 1044,949 988,950 971,949 943,935 920,944 895,949 852,939 803,949 745,940 697,949"/>
                <Baseline points="1184,936 1276,936 1368,936 1461,937 1553,937 1645,937 1738,939 1830,939 1922,939 2015,939 2107,940 2199,940 2292,939 2384,939 2476,939 2569,937 2661,936 2753,934 2846,933 2938,931 3031,928"/>
                <TextEquiv>
                    <Unicode>successoribus nostris renunciando nisi forte bonorum hujusmodi nullus excaret justus</Unicode>
                </TextEquiv>
            </TextLine>
            <TextLine id="r2l14" custom="readingOrder {index:12;}">
                <Coords points="695,1041 727,1046 750,1036 805,1041 898,1041 990,1041 1027,1043 1035,1068 1061,1062 1083,1040 1147,1044 1163,1065 1176,1040 1268,1040 1333,1040 1349,1064 1361,1040 1453,1040 1546,1040 1639,1040 1653,1052 1693,1042 1731,1040 1808,1043 1808,1055 1818,1058 1824,1040 1856,1043 1852,1078 1861,1078 1869,1076 1875,1066 1884,1057 1895,1042 1916,1040 2009,1040 2102,1038 2194,1038 2287,1038 2379,1037 2418,1054 2445,1049 2462,1069 2484,1038 2626,1035 2626,998 2603,999 2571,989 2537,976 2523,983 2507,999 2479,1005 2472,1000 2379,1000 2378,985 2363,978 2347,987 2331,998 2281,1007 2258,1008 2236,996 2216,991 2205,995 2194,1001 2102,1001 2009,1003 1966,994 1936,1009 1916,1003 1869,1002 1848,984 1838,984 1826,990 1814,1003 1731,1003 1639,1003 1541,1018 1514,996 1479,1036 1470,1011 1453,1003 1445,997 1428,1004 1373,1000 1373,985 1366,979 1353,982 1343,991 1325,1003 1268,1003 1230,1004 1215,983 1193,978 1173,978 1160,989 1154,1004 1083,1003 1077,996 1053,997 990,1004 972,995 898,1004 869,1004 841,1013 829,1004 819,996 805,1004 741,1013 722,993 706,988 702,993 695,1004"/>
                <Baseline points="1030,1001 1122,999 1215,999 1307,999 1400,998 1493,998 1585,998 1678,998 1770,998 1863,998 1956,998 2048,998 2141,998 2233,998 2326,998 2419,996 2511,996 2604,996 2696,995 2789,995 2882,993"/>
                <TextEquiv>
                    <Unicode>heres et successor quoniam in casu illo bona ex naufragio habita nostre volumus potestati</Unicode>
                </TextEquiv>
            </TextLine>
            <TextLine id="r2l15" custom="readingOrder {index:13;}">
                <Coords points="724,1094 729,1150 738,1144 750,1096 767,1095 851,1093 942,1096 980,1105 998,1112 1008,1104 1033,1096 1124,1098 1215,1098 1235,1100 1235,1126 1259,1099 1282,1092 1305,1098 1396,1096 1431,1093 1470,1105 1487,1096 1578,1095 1669,1093 1759,1092 1850,1090 1941,1089 2032,1089 2085,1096 2123,1087 2213,1087 2304,1088 2395,1089 2486,1090 2497,1121 2525,1095 2577,1093 2577,1053 2541,1042 2501,1040 2486,1050 2465,1064 2420,1059 2395,1049 2304,1048 2213,1047 2166,1035 2123,1047 2094,1039 2032,1049 1941,1049 1929,1037 1907,1037 1888,1046 1879,1061 1860,1076 1851,1074 1847,1067 1842,1050 1830,1050 1811,1059 1806,1054 1798,1041 1774,1041 1763,1045 1759,1052 1700,1048 1669,1053 1652,1054 1578,1055 1577,1040 1553,1036 1543,1045 1535,1051 1487,1056 1463,1053 1396,1056 1364,1059 1344,1066 1337,1061 1331,1048 1320,1038 1313,1042 1310,1050 1305,1058 1221,1054 1212,1043 1200,1040 1177,1044 1171,1052 1157,1068 1124,1058 1055,1064 1044,1067 1032,1061 1021,1043 988,1037 973,1037 968,1037 951,1043 942,1056 851,1053 784,1046 767,1041 750,1036 738,1045 724,1054"/>
                <Baseline points="489,1087 579,1090 670,1093 761,1093 852,1095 943,1095 1033,1095 1124,1093 1215,1093 1306,1092 1397,1090 1487,1089 1578,1087 1669,1086 1760,1086 1851,1084 1941,1084 2032,1085 2123,1086 2214,1087 2305,1090"/>
                <TextEquiv>
                    <Unicode>subjacere Item omnes prelatos militares nobiles Cives et Incolas Terrarum predi</Unicode>
                </TextEquiv>
            </TextLine>
            <TextLine id="r2l16" custom="readingOrder {index:14;}">
                <Coords points="750,1140 826,1146 915,1147 988,1159 1004,1149 1094,1149 1106,1141 1118,1140 1134,1141 1147,1146 1183,1149 1272,1149 1362,1147 1371,1172 1381,1173 1405,1172 1413,1168 1434,1145 1451,1146 1540,1144 1607,1146 1623,1164 1644,1164 1664,1154 1688,1140 1711,1163 1750,1136 1808,1140 1831,1134 1897,1138 1960,1144 1970,1163 1987,1137 2076,1137 2165,1137 2255,1138 2267,1165 2288,1141 2311,1136 2344,1140 2433,1143 2461,1151 2548,1152 2548,1113 2497,1116 2462,1105 2448,1095 2433,1104 2403,1100 2344,1101 2280,1093 2255,1099 2165,1098 2076,1098 1991,1090 1897,1099 1808,1101 1781,1086 1719,1102 1630,1104 1601,1098 1540,1105 1451,1107 1449,1099 1418,1091 1404,1099 1403,1099 1396,1105 1362,1108 1314,1108 1301,1099 1283,1094 1274,1097 1272,1110 1240,1122 1183,1110 1174,1099 1094,1110 1004,1110 915,1108 826,1107 750,1101"/>
                <Baseline points="1089,1127 1178,1130 1267,1131 1356,1133 1446,1133 1535,1133 1624,1133 1714,1131 1803,1130 1892,1128 1982,1127 2071,1125 2160,1124 2249,1122 2339,1121 2428,1121 2517,1121 2607,1122 2696,1124 2785,1127 2875,1131"/>
                <TextEquiv>
                    <Unicode>ctarum in jus condicionem et proprietatem Regni Polonie translatos et invisceratos hac</Unicode>
                </TextEquiv>
            </TextLine>
            <TextLine id="r2l17" custom="readingOrder {index:15;}">
                <Coords points="716,1194 807,1199 853,1200 842,1224 853,1228 855,1228 887,1226 908,1223 946,1215 989,1202 1027,1197 1059,1190 1067,1186 1078,1189 1081,1202 1109,1227 1126,1205 1140,1209 1154,1217 1170,1229 1185,1226 1195,1215 1209,1200 1263,1202 1354,1200 1412,1204 1446,1199 1457,1216 1473,1224 1487,1224 1503,1219 1507,1217 1517,1212 1524,1207 1537,1197 1628,1196 1719,1194 1749,1191 1772,1211 1778,1214 1799,1216 1808,1203 1811,1193 1902,1191 1993,1190 2084,1188 2176,1188 2267,1188 2289,1194 2298,1222 2332,1216 2343,1191 2358,1190 2449,1191 2541,1194 2541,1158 2449,1155 2358,1154 2347,1138 2315,1138 2304,1144 2299,1154 2265,1164 2176,1152 2149,1142 2123,1144 2084,1152 1993,1154 1968,1159 1952,1147 1911,1143 1902,1155 1863,1155 1849,1150 1837,1136 1823,1132 1813,1141 1804,1151 1789,1157 1719,1158 1713,1168 1669,1152 1644,1159 1628,1160 1537,1161 1458,1156 1446,1163 1412,1171 1399,1164 1386,1164 1364,1168 1354,1164 1263,1166 1172,1166 1157,1164 1141,1141 1126,1138 1113,1138 1103,1140 1090,1146 1083,1150 1081,1166 989,1166 951,1163 923,1149 915,1150 898,1164 807,1163 716,1158"/>
                <Baseline points="716,1182 807,1187 898,1188 989,1190 1081,1190 1172,1190 1263,1190 1354,1188 1446,1187 1537,1185 1628,1184 1719,1182 1811,1181 1902,1179 1993,1178 2084,1176 2176,1176 2267,1176 2358,1178 2449,1179 2541,1182"/>
                <TextEquiv>
                    <Unicode>eciam prosequemur prerogativa Quod dignitates et officia hactenus illic consistencia et</Unicode>
                </TextEquiv>
            </TextLine>
            <TextLine id="r2l18" custom="readingOrder {index:16;}">
                <Coords points="647,1253 682,1256 707,1268 726,1275 752,1256 763,1256 785,1272 802,1259 831,1279 845,1260 918,1260 1006,1260 1041,1265 1046,1284 1062,1261 1095,1259 1184,1257 1272,1256 1295,1276 1319,1259 1361,1253 1452,1247 1480,1245 1488,1268 1502,1246 1538,1249 1548,1236 1569,1244 1627,1247 1716,1245 1804,1242 1893,1241 1982,1240 2070,1239 2159,1239 2248,1239 2336,1241 2425,1242 2503,1251 2514,1245 2514,1209 2425,1206 2360,1197 2336,1205 2333,1217 2315,1217 2297,1226 2277,1212 2248,1203 2159,1203 2129,1190 2070,1203 1982,1204 1929,1196 1893,1205 1804,1206 1800,1208 1779,1216 1716,1209 1703,1194 1673,1205 1627,1211 1539,1206 1519,1207 1494,1193 1491,1205 1489,1222 1477,1219 1462,1210 1451,1208 1361,1217 1342,1218 1314,1200 1293,1199 1270,1201 1264,1206 1256,1219 1204,1219 1188,1214 1167,1220 1162,1225 1110,1229 1095,1223 1082,1221 1082,1196 1069,1181 1057,1189 1052,1198 1046,1223 1006,1224 918,1224 903,1228 874,1226 859,1233 861,1222 863,1213 854,1201 846,1200 838,1206 835,1214 829,1226 742,1214 724,1203 688,1196 682,1198 664,1206 647,1217"/>
                <Baseline points="741,1248 829,1250 918,1248 1006,1248 1095,1247 1184,1245 1272,1244 1361,1241 1450,1239 1538,1237 1627,1235 1716,1233 1804,1230 1893,1229 1982,1228 2070,1227 2159,1227 2248,1227 2336,1229 2425,1230 2514,1233"/>
                <TextEquiv>
                    <Unicode>Imposterum constituenda Item Castra et Thenutas Civitatum locorum in Terris</Unicode>
                </TextEquiv>
            </TextLine>
            <TextLine id="r2l19" custom="readingOrder {index:17;}">
                <Coords points="713,1318 733,1347 758,1318 770,1310 819,1316 909,1315 999,1313 1089,1312 1101,1324 1143,1324 1179,1309 1269,1307 1359,1304 1415,1298 1432,1303 1449,1301 1511,1296 1527,1330 1539,1298 1571,1293 1596,1328 1608,1298 1629,1297 1685,1300 1703,1315 1719,1294 1760,1315 1778,1297 1809,1292 1869,1315 1899,1291 1926,1301 1956,1306 1975,1293 1993,1286 2079,1288 2109,1313 2124,1288 2169,1288 2259,1288 2277,1300 2290,1300 2329,1283 2349,1289 2439,1291 2504,1292 2504,1258 2439,1257 2349,1255 2300,1240 2272,1245 2259,1254 2169,1254 2079,1254 1989,1255 1915,1250 1899,1257 1865,1242 1814,1251 1809,1258 1719,1260 1650,1252 1629,1263 1612,1250 1567,1255 1563,1234 1547,1233 1540,1237 1531,1249 1520,1266 1483,1269 1466,1268 1466,1250 1455,1241 1446,1238 1437,1242 1433,1247 1427,1255 1416,1265 1359,1270 1293,1274 1269,1273 1180,1269 1109,1271 1089,1278 1045,1287 1040,1273 1012,1264 999,1279 919,1276 903,1266 875,1264 847,1272 830,1285 819,1282 768,1266 742,1270 729,1277 713,1284"/>
                <Baseline points="729,1307 819,1305 909,1304 999,1302 1089,1301 1179,1298 1269,1296 1359,1293 1449,1290 1539,1287 1629,1286 1719,1283 1809,1281 1899,1280 1989,1278 2079,1277 2169,1277 2259,1277 2349,1278 2439,1280 2529,1281"/>
                <TextEquiv>
                    <Unicode>predictis nulli extraneo aut forensi sed proprio Indigene juxta observanciam</Unicode>
                </TextEquiv>
            </TextLine>
            <TextLine id="r2l20" custom="readingOrder {index:18;}">
                <Coords points="735,1364 826,1363 918,1363 1009,1361 1101,1360 1192,1358 1222,1378 1264,1376 1278,1366 1284,1358 1328,1371 1375,1357 1467,1355 1513,1356 1533,1375 1558,1354 1650,1351 1732,1346 1741,1350 1768,1349 1795,1361 1833,1348 1924,1346 2016,1345 2064,1340 2111,1369 2199,1340 2290,1337 2382,1336 2473,1333 2642,1331 2642,1297 2628,1280 2588,1284 2585,1259 2554,1242 2523,1253 2511,1270 2501,1292 2473,1299 2457,1289 2382,1302 2358,1289 2340,1284 2326,1289 2316,1293 2310,1299 2290,1303 2276,1304 2199,1306 2151,1306 2145,1289 2127,1290 2118,1297 2107,1308 2016,1311 1985,1287 1975,1297 1965,1308 1924,1312 1866,1317 1833,1314 1800,1300 1771,1302 1757,1314 1741,1316 1702,1314 1694,1318 1650,1317 1596,1323 1579,1314 1572,1300 1555,1292 1544,1306 1526,1325 1491,1315 1467,1321 1462,1310 1426,1301 1413,1296 1391,1296 1381,1306 1375,1323 1331,1311 1284,1324 1226,1316 1202,1311 1192,1324 1101,1326 1009,1327 918,1329 826,1329 774,1310 746,1335"/>
                <Baseline points="735,1353 826,1352 918,1352 1009,1350 1101,1349 1192,1347 1284,1347 1375,1346 1467,1344 1558,1343 1650,1340 1741,1339 1833,1337 1924,1335 2016,1334 2107,1331 2199,1329 2290,1326 2382,1325 2473,1322 2565,1319"/>
                <TextEquiv>
                    <Unicode>aliarum Terrarum Regni nostri conferremus Item omnes causas notabiles dictas</Unicode>
                </TextEquiv>
            </TextLine>
            <TextLine id="line_1664844313179_343" custom="readingOrder {index:19;}">
                <Coords points="880,1375 966,1370 1066,1369 1167,1375 1222,1381 1268,1378 1280,1360 1304,1358 1318,1375 1325,1378 1417,1372 1532,1374 1555,1367 1658,1365 1690,1359 1720,1345 1751,1354 1771,1353 1787,1367 1858,1361 1945,1361 1983,1360 2012,1349 2017,1345 2030,1341 2057,1349 2067,1362 2090,1362 2107,1372 2167,1354 2232,1355 2258,1343 2288,1344 2311,1358 2329,1350 2348,1344 2383,1344 2437,1349 2513,1347 2520,1355 2520,1388 2440,1391 2361,1393 2308,1390 2243,1393 2179,1395 2092,1396 1993,1393 1905,1398 1778,1399 1707,1405 1694,1404 1669,1443 1667,1403 1613,1399 1488,1402 1354,1404 1303,1398 1285,1407 1197,1406 1053,1413 986,1412 871,1416 866,1402"/>
                <Baseline points="768,1394 800,1402 833,1413 930,1404 1009,1401 1089,1400 1168,1398 1248,1397 1327,1396 1407,1395 1486,1394 1566,1394 1645,1392 1725,1391 1804,1391 1884,1389 1963,1389 2043,1388 2122,1386 2202,1385 2281,1383 2361,1382 2440,1380 2520,1377"/>
                <TextEquiv>
                    <Unicode>Terras concernentes cum comuni spiritualium et secularium ac nobilium et</Unicode>
                </TextEquiv>
            </TextLine>
            <TextLine id="r2l23" custom="readingOrder {index:20;}">
                <Coords points="692,1451 810,1455 906,1456 1002,1456 1098,1456 1194,1456 1257,1455 1273,1463 1290,1455 1387,1454 1483,1453 1569,1451 1580,1473 1604,1453 1675,1450 1731,1455 1771,1449 1867,1447 1932,1454 1951,1473 2060,1444 2156,1443 2252,1443 2348,1441 2370,1459 2394,1447 2444,1441 2540,1441 2594,1445 2615,1471 2643,1441 2643,1410 2608,1399 2562,1374 2538,1406 2444,1396 2348,1410 2305,1396 2279,1398 2260,1401 2252,1412 2240,1396 2221,1396 2189,1411 2156,1412 2060,1413 1961,1401 1867,1416 1771,1418 1740,1412 1718,1417 1684,1423 1666,1454 1664,1432 1645,1423 1614,1414 1598,1405 1587,1410 1579,1421 1483,1422 1396,1412 1306,1401 1277,1413 1211,1421 1194,1425 1098,1425 1032,1416 1002,1425 986,1415 906,1425 810,1424 749,1419 721,1408 709,1403 696,1411 692,1420"/>
                <Baseline points="714,1443 810,1445 906,1446 1002,1446 1098,1446 1194,1446 1290,1445 1387,1444 1483,1443 1579,1442 1675,1440 1771,1439 1867,1437 1963,1436 2060,1434 2156,1433 2252,1433 2348,1431 2444,1431 2540,1431 2637,1431"/>
                <TextEquiv>
                    <Unicode>majorum Civitatum Consiliariorum consilio Terrarum predictarum terminabimus tractabimus</Unicode>
                </TextEquiv>
            </TextLine>
            <TextLine id="r2l24" custom="readingOrder {index:21;}">
                <Coords points="711,1504 819,1505 841,1504 839,1528 877,1531 879,1510 912,1507 1005,1507 1011,1511 1051,1510 1076,1525 1098,1507 1191,1505 1284,1504 1310,1507 1316,1534 1336,1510 1378,1503 1471,1501 1501,1504 1512,1507 1512,1567 1530,1505 1537,1507 1564,1499 1657,1498 1718,1499 1729,1516 1747,1523 1760,1519 1784,1502 1785,1493 1811,1493 1843,1496 1936,1495 1946,1486 1994,1510 2022,1510 2048,1502 2063,1496 2082,1501 2090,1522 2123,1493 2216,1495 2309,1495 2326,1496 2330,1524 2344,1499 2402,1496 2486,1496 2491,1525 2515,1531 2535,1503 2617,1504 2617,1470 2595,1463 2578,1454 2541,1454 2517,1453 2502,1454 2495,1465 2402,1462 2365,1467 2309,1461 2216,1461 2185,1456 2158,1440 2144,1451 2123,1459 2030,1459 1977,1459 1949,1470 1936,1461 1843,1462 1799,1455 1750,1463 1705,1460 1693,1457 1671,1448 1652,1454 1636,1464 1580,1473 1568,1458 1564,1465 1550,1457 1474,1461 1378,1469 1375,1462 1359,1460 1336,1451 1324,1452 1315,1460 1302,1467 1284,1470 1273,1465 1265,1458 1254,1458 1229,1466 1191,1471 1110,1471 1097,1463 1088,1459 1058,1460 1035,1471 1005,1473 955,1468 912,1473 895,1461 862,1468 821,1465 711,1470"/>
                <Baseline points="726,1493 819,1494 912,1496 1005,1496 1098,1496 1191,1494 1284,1493 1378,1492 1471,1490 1564,1488 1657,1487 1750,1486 1843,1485 1936,1484 2030,1482 2123,1482 2216,1484 2309,1484 2402,1485 2495,1488 2589,1491"/>
                <TextEquiv>
                    <Unicode>et diffiniemus Item terras predictas sub nostro Regimine et Regni Polonie corpore consistentes</Unicode>
                </TextEquiv>
            </TextLine>
            <TextLine id="r2l25" custom="readingOrder {index:22;}">
                <Coords points="581,1558 600,1573 634,1576 662,1583 680,1594 691,1561 714,1558 738,1559 751,1555 757,1587 777,1562 812,1559 909,1558 933,1560 940,1587 961,1561 1007,1558 1045,1566 1104,1556 1191,1551 1202,1555 1299,1553 1397,1552 1494,1550 1517,1543 1592,1549 1690,1547 1787,1546 1801,1570 1885,1546 1920,1546 1946,1559 1982,1546 2080,1546 2177,1547 2275,1549 2279,1578 2304,1545 2372,1551 2436,1562 2470,1554 2489,1562 2568,1559 2568,1525 2509,1530 2497,1514 2480,1504 2470,1520 2372,1517 2360,1501 2344,1504 2329,1522 2324,1508 2303,1500 2295,1507 2275,1515 2257,1509 2177,1513 2124,1513 2089,1520 2080,1512 2053,1507 2027,1512 1982,1512 1933,1508 1900,1497 1880,1496 1871,1507 1818,1489 1803,1496 1795,1505 1787,1512 1763,1518 1740,1525 1690,1513 1666,1509 1626,1509 1592,1515 1588,1504 1581,1499 1574,1498 1553,1514 1545,1522 1518,1527 1507,1512 1494,1516 1401,1507 1352,1521 1317,1532 1299,1519 1281,1507 1262,1509 1245,1520 1202,1521 1141,1512 1106,1518 1072,1525 1007,1524 1000,1518 909,1524 866,1531 841,1533 820,1521 812,1525 773,1510 762,1515 754,1523 714,1524 691,1513 649,1512 581,1524"/>
                <Baseline points="957,1567 1054,1567 1152,1568 1249,1567 1347,1567 1444,1565 1542,1564 2086,1540 2184,1539 1834,1559 1932,1558 2030,1556 2127,1555 2225,1555 2322,1555 2420,1555 2517,1556 2615,1558 2712,1560 2810,1563 2908,1568"/>
                <TextEquiv>
                    <Unicode>In suis antiquis gadibus limitibus et terminis conservabimus tuebimur et defendemus nec</Unicode>
                </TextEquiv>
            </TextLine>
            <TextLine id="r2l26" custom="readingOrder {index:23;}">
                <Coords points="705,1616 753,1612 806,1615 899,1612 939,1614 970,1630 981,1627 986,1622 992,1610 1084,1609 1177,1607 1270,1606 1350,1603 1351,1622 1385,1630 1397,1604 1455,1603 1548,1601 1641,1600 1673,1616 1690,1602 1733,1600 1826,1598 1919,1598 2011,1598 2029,1615 2043,1620 2063,1628 2083,1610 2104,1598 2197,1600 2289,1601 2382,1603 2453,1606 2475,1604 2497,1605 2511,1622 2534,1605 2568,1607 2568,1573 2483,1567 2471,1559 2448,1555 2382,1569 2374,1551 2302,1561 2289,1567 2274,1581 2247,1560 2197,1566 2153,1554 2104,1564 2011,1564 1919,1564 1826,1564 1809,1572 1800,1566 1775,1554 1733,1566 1640,1558 1624,1564 1548,1567 1455,1569 1409,1558 1362,1570 1270,1572 1228,1567 1186,1551 1180,1559 1177,1573 1084,1575 992,1576 940,1585 931,1579 899,1578 806,1581 761,1590 748,1570 737,1562 719,1572 705,1582"/>
                <Baseline points="714,1605 806,1604 899,1601 992,1599 1084,1598 1177,1596 1270,1595 1362,1593 1455,1592 1548,1590 1641,1589 1733,1589 1826,1587 1919,1587 2011,1587 2104,1587 2197,1589 2289,1590 2382,1592 2475,1593 2568,1596"/>
                <TextEquiv>
                    <Unicode>terminos et gades Terrarum ipsarum in aliquo diminui vel periclitari velut Regni</Unicode>
                </TextEquiv>
            </TextLine>
            <TextLine id="r2l28" custom="readingOrder {index:24;}">
                <Coords points="686,1673 726,1669 759,1682 792,1664 808,1664 816,1688 826,1691 857,1665 888,1665 979,1662 1071,1659 1162,1656 1254,1655 1345,1653 1437,1652 1439,1677 1459,1649 1528,1652 1620,1652 1697,1651 1712,1670 1725,1655 1752,1648 1803,1652 1894,1652 1986,1652 2077,1653 2087,1678 2134,1666 2169,1653 2240,1649 2260,1655 2352,1655 2423,1656 2428,1686 2457,1685 2472,1657 2483,1651 2551,1659 2551,1622 2541,1611 2505,1623 2497,1613 2482,1615 2443,1619 2378,1603 2355,1610 2266,1611 2260,1618 2169,1616 2143,1602 2119,1613 2077,1616 2064,1626 1986,1615 1894,1615 1803,1615 1760,1619 1737,1609 1712,1603 1685,1603 1674,1618 1620,1615 1528,1615 1437,1615 1408,1612 1382,1626 1355,1627 1345,1616 1256,1613 1234,1617 1170,1614 1159,1614 1081,1611 1071,1622 994,1615 979,1625 971,1633 888,1628 796,1631 779,1617 755,1612 734,1619 719,1619 705,1625 686,1636"/>
                <Baseline points="705,1661 796,1656 888,1653 979,1650 1071,1647 1162,1644 1254,1643 1345,1641 1437,1640 1528,1640 1620,1640 1711,1640 1803,1640 1894,1640 1986,1640 2077,1641 2169,1641 2260,1643 2352,1643 2443,1644 2535,1646"/>
                <TextEquiv>
                    <Unicode>nostri partes individuas ullatenus paciemur Item cum Terre ipse et homines ipsas</Unicode>
                </TextEquiv>
            </TextLine>
            <TextLine id="r2l29" custom="readingOrder {index:25;}">
                <Coords points="658,1728 715,1734 736,1721 809,1721 906,1718 1003,1715 1100,1712 1143,1715 1196,1710 1293,1708 1331,1709 1343,1732 1367,1737 1384,1731 1397,1720 1410,1709 1487,1706 1531,1706 1544,1719 1562,1704 1584,1704 1644,1713 1680,1704 1731,1705 1751,1726 1767,1744 1777,1704 1850,1716 1874,1704 1945,1700 1971,1704 1980,1710 2068,1704 2140,1706 2152,1720 2176,1725 2197,1718 2209,1706 2261,1707 2358,1709 2380,1706 2410,1717 2455,1712 2574,1718 2574,1682 2559,1660 2546,1663 2509,1659 2480,1653 2470,1671 2452,1688 2430,1683 2412,1673 2397,1662 2358,1673 2273,1663 2257,1655 2231,1651 2219,1661 2164,1670 2134,1670 2132,1665 2116,1652 2108,1674 2088,1675 2068,1668 1971,1668 1874,1668 1777,1668 1765,1651 1746,1656 1738,1666 1701,1672 1680,1668 1649,1662 1584,1668 1562,1656 1555,1653 1542,1669 1501,1663 1487,1670 1470,1664 1459,1655 1448,1662 1442,1672 1439,1682 1390,1671 1344,1664 1293,1672 1196,1674 1129,1665 1100,1676 1079,1669 1003,1679 948,1676 906,1682 896,1680 822,1689 812,1687 810,1667 803,1664 788,1664 780,1673 776,1685 745,1688 727,1685 703,1674 689,1676 675,1687 658,1692"/>
                <Baseline points="713,1712 809,1709 906,1706 1003,1703 1100,1700 1196,1698 1293,1696 1390,1695 1487,1694 1584,1692 1680,1692 1777,1692 1874,1692 1971,1692 2068,1692 2164,1694 2261,1695 2358,1697 2455,1700 2552,1701"/>
                <TextEquiv>
                    <Unicode>Incolentes variis hactenus legibus sive juribus videlicet Maydemburgensi et Chulmensi</Unicode>
                </TextEquiv>
            </TextLine>
            <TextLine id="line_1664844342890_365" custom="readingOrder {index:26;}">
                <Coords points="712,1735 765,1732 788,1722 835,1736 880,1725 895,1732 925,1717 976,1720 1040,1729 1071,1729 1112,1721 1224,1729 1239,1720 1248,1726 1323,1727 1350,1735 1376,1736 1397,1727 1463,1727 1512,1723 1541,1719 1589,1722 1618,1712 1649,1719 1683,1721 1695,1707 1718,1716 1738,1715 1765,1740 1780,1714 1851,1723 1899,1709 1917,1713 1927,1702 1942,1701 1975,1717 2042,1723 2237,1725 2263,1723 2274,1714 2285,1708 2309,1711 2337,1712 2364,1713 2374,1709 2394,1725 2483,1726 2498,1728 2502,1727 2502,1767 2454,1765 2393,1754 2372,1770 2345,1758 2289,1764 2261,1780 2253,1757 2221,1758 2195,1781 2182,1754 2088,1758 2001,1758 1939,1757 1932,1777 1923,1786 1912,1759 1888,1765 1831,1761 1813,1786 1801,1760 1789,1760 1641,1757 1550,1762 1450,1762 1335,1758 1257,1759 1232,1780 1220,1757 1153,1753 1122,1749 1103,1757 1046,1763 948,1766 820,1768 763,1770 733,1776 715,1792"/>
                <Baseline points="334,1782 422,1779 510,1776 598,1775 686,1773 775,1772 863,1770 951,1769 1039,1769 1127,1767 1216,1767 1304,1767 1179,1751 1267,1751 1568,1767 1657,1767 1745,1769 1833,1769 1921,1769 2009,1769 2098,1770 2113,1776 2150,1782"/>
                <TextEquiv>
                    <Unicode>Polonicali hereditario et Prutenico in decidendis quibusuis eorum questionibus et</Unicode>
                </TextEquiv>
            </TextLine>
            <TextLine id="r2l32" custom="readingOrder {index:27;}">
                <Coords points="691,1822 713,1814 746,1819 769,1814 794,1819 820,1823 830,1851 852,1824 888,1818 981,1817 1075,1816 1090,1821 1098,1850 1117,1822 1169,1816 1226,1796 1262,1814 1356,1814 1449,1813 1507,1818 1525,1844 1543,1811 1637,1811 1730,1811 1785,1821 1824,1810 1865,1817 1888,1830 1917,1810 2011,1810 2067,1816 2082,1844 2105,1810 2175,1813 2192,1838 2218,1817 2292,1808 2385,1808 2412,1814 2434,1835 2452,1835 2459,1825 2479,1808 2573,1808 2573,1774 2573,1762 2553,1754 2530,1745 2517,1765 2479,1774 2412,1762 2394,1759 2375,1761 2368,1776 2292,1774 2265,1780 2198,1774 2154,1769 2105,1776 2087,1767 2044,1752 2029,1755 2016,1764 2011,1776 1939,1769 1923,1784 1914,1765 1904,1762 1889,1770 1874,1778 1833,1768 1803,1767 1790,1775 1730,1777 1637,1777 1607,1769 1543,1777 1449,1779 1356,1780 1313,1765 1262,1780 1169,1782 1142,1755 1121,1747 1108,1753 1095,1761 1094,1775 1075,1782 981,1783 888,1784 856,1772 829,1770 810,1769 798,1777 794,1785 749,1779 732,1785 717,1792 691,1788"/>
                <Baseline points="701,1809 794,1808 888,1807 981,1806 1075,1805 1169,1805 1262,1803 1356,1803 1449,1802 1543,1800 1637,1800 1730,1800 1824,1799 1917,1799 2011,1799 2105,1799 2198,1797 2292,1797 2385,1797 2479,1797 2573,1797"/>
                <TextEquiv>
                    <Unicode>administracione justicie utebantur quod eciam illis sub nostro principatu et Regimine</Unicode>
                </TextEquiv>
            </TextLine>
            <TextLine id="r2l33" custom="readingOrder {index:28;}">
                <Coords points="632,1875 796,1872 828,1865 847,1869 854,1882 880,1873 893,1936 911,1872 986,1869 1030,1870 1040,1898 1062,1889 1082,1868 1177,1866 1174,1884 1193,1894 1227,1866 1272,1865 1368,1865 1463,1863 1515,1862 1558,1863 1654,1863 1749,1863 1844,1863 1880,1846 1887,1862 1939,1863 2035,1863 2130,1863 2225,1865 2284,1871 2292,1902 2316,1880 2331,1864 2416,1866 2511,1867 2528,1884 2544,1867 2607,1868 2607,1832 2523,1811 2511,1831 2441,1835 2416,1830 2400,1830 2385,1814 2369,1810 2354,1817 2321,1829 2225,1829 2179,1838 2130,1827 2084,1840 2068,1832 2035,1827 1953,1817 1939,1827 1844,1827 1749,1827 1735,1816 1712,1822 1654,1827 1558,1827 1522,1839 1463,1827 1431,1819 1368,1829 1272,1829 1227,1824 1177,1830 1145,1832 1101,1847 1082,1832 1077,1827 986,1818 937,1824 917,1815 904,1824 891,1835 832,1848 796,1836 761,1815 742,1836 709,1837 689,1831 656,1826 642,1828 632,1839"/>
                <Baseline points="701,1863 796,1860 891,1859 986,1857 1082,1856 1177,1854 1272,1853 1368,1853 1463,1851 1558,1851 1654,1851 1749,1851 1844,1851 1939,1851 2035,1851 2130,1851 2225,1853 2321,1853 2416,1854 2511,1855 2607,1856"/>
                <TextEquiv>
                    <Unicode>volumus firmum esse et perhenne ea licencia attributa ut liceat cuicumque de uno jure</Unicode>
                </TextEquiv>
            </TextLine>
            <TextLine id="r2l34" custom="readingOrder {index:29;}">
                <Coords points="621,1937 660,1941 693,1960 744,1930 841,1927 925,1936 933,1966 959,1921 983,1916 1036,1921 1134,1919 1231,1917 1328,1916 1376,1918 1394,1943 1406,1919 1426,1914 1523,1913 1588,1912 1608,1949 1621,1913 1718,1911 1815,1911 1913,1911 1937,1914 1946,1933 1966,1929 1986,1935 2005,1940 2026,1930 2034,1916 2092,1905 2105,1898 2128,1903 2192,1920 2205,1913 2302,1914 2400,1914 2497,1916 2572,1924 2600,1917 2600,1880 2561,1877 2522,1887 2497,1879 2400,1877 2293,1900 2262,1878 2210,1874 2194,1867 2170,1867 2108,1876 2010,1874 1966,1859 1941,1868 1912,1861 1872,1868 1815,1874 1747,1863 1718,1874 1621,1876 1523,1876 1468,1871 1426,1877 1424,1871 1420,1867 1415,1866 1392,1866 1366,1877 1328,1879 1234,1871 1231,1880 1192,1890 1134,1882 1061,1893 1041,1891 1036,1884 950,1864 930,1879 892,1925 875,1891 853,1884 841,1890 799,1884 744,1893 700,1879 664,1881 643,1885 621,1900"/>
                <Baseline points="647,1922 744,1918 841,1915 939,1911 1036,1909 1134,1907 1231,1905 1328,1904 1426,1902 1523,1901 1621,1901 1718,1899 1815,1899 1913,1899 2010,1899 2108,1901 2205,1901 2302,1902 2400,1902 2497,1904 2595,1905"/>
                <TextEquiv>
                    <Unicode>In aliud sine tamen aliorum prejudicio quo voluerit transmigrare Item cum monethe</Unicode>
                </TextEquiv>
            </TextLine>
            <TextLine id="line_1664844352862_373" custom="readingOrder {index:30;}">
                <Coords points="716,1944 783,1931 812,1944 885,1943 914,1939 933,1966 965,1940 974,1920 998,1923 1017,1930 1045,1920 1067,1929 1114,1932 1166,1919 1258,1930 1352,1937 1393,1948 1398,1932 1412,1926 1517,1929 1568,1921 1605,1945 1643,1919 1675,1926 1726,1924 1808,1923 1833,1911 1929,1915 1943,1932 1987,1936 2023,1936 2083,1923 2104,1899 2127,1899 2163,1911 2212,1924 2288,1929 2425,1933 2516,1932 2573,1925 2573,1965 2530,1961 2496,1976 2480,1971 2422,1977 2342,1982 2283,1977 2191,1970 2162,1983 2147,1969 2110,1970 2077,1961 1931,1967 1847,1959 1819,1971 1808,1958 1733,1964 1696,1969 1610,1971 1552,1978 1520,2010 1497,1969 1401,1969 1321,1967 1285,1964 1209,1966 1199,1979 1164,1985 1146,1985 1133,1967 1103,1969 1046,1977 1009,1966 980,1971 956,2034 951,1973 925,1976 791,1980 765,2004 754,1978 716,1980"/>
                <Baseline points="716,1968 805,1967 894,1965 983,1963 1072,1961 1161,1959 1250,1958 1339,1956 1428,1955 1517,1953 1606,1952 1695,1952 1784,1952 1873,1952 1962,1952 2051,1952 2140,1953 2229,1955 2318,1958 2407,1961 2496,1964 2525,1955 2573,1952"/>
                <TextEquiv>
                    <Unicode>justam et fidelem ligam pondusque habentis cusio Terram quamlibet vehementer et</Unicode>
                </TextEquiv>
            </TextLine>
            <TextLine id="r2l37" custom="readingOrder {index:31;}">
                <Coords points="673,2031 800,2028 892,2024 911,2018 958,2019 976,2046 1005,2024 1108,2022 1211,2021 1314,2019 1333,2030 1353,2021 1417,2018 1520,2016 1550,2030 1567,2021 1623,2016 1727,2016 1787,2024 1830,2015 1933,2015 2036,2016 2076,2012 2093,2030 2139,2016 2242,2016 2345,2016 2367,2034 2386,2045 2405,2026 2448,2018 2551,2019 2646,2032 2666,2019 2666,1983 2551,1983 2545,1960 2505,1971 2448,1982 2345,1980 2242,1980 2191,1979 2163,1989 2139,1980 2119,1975 2099,1967 2074,1968 2059,1975 2036,1980 1933,1979 1895,1969 1842,1975 1827,1968 1809,1975 1733,1969 1727,1980 1623,1980 1549,1990 1521,2006 1488,1990 1417,1982 1316,1967 1262,1979 1240,1969 1211,1985 1169,1988 1108,1986 1066,1979 1015,1991 1012,1968 1000,1969 983,1969 979,1988 957,2029 941,1996 902,1991 799,1992 768,2003 756,1993 748,1990 735,1997 717,1993 707,1973 689,1974 681,1979 673,1995"/>
                <TextEquiv>
                    <Unicode>nobilitet et fecundet volumus ut in quatuor locis Terrarum predictarum videlicet in Thorun</Unicode>
                </TextEquiv>
            </TextLine>
            <TextLine id="r2l38" custom="readingOrder {index:32;}">
                <Coords points="677,2086 793,2083 848,2083 866,2106 891,2082 989,2080 1004,2070 1018,2065 1033,2062 1050,2064 1060,2072 1087,2077 1118,2076 1136,2090 1158,2088 1173,2080 1185,2077 1282,2075 1364,2078 1371,2104 1392,2077 1434,2078 1438,2098 1459,2100 1471,2100 1483,2075 1576,2071 1663,2064 1677,2095 1688,2102 1705,2095 1714,2070 1771,2070 1772,2088 1796,2091 1827,2090 1838,2070 1869,2070 1967,2070 1987,2095 2015,2073 2065,2070 2163,2070 2260,2071 2289,2073 2331,2073 2349,2112 2358,2071 2456,2073 2554,2074 2575,2075 2582,2107 2606,2076 2652,2076 2652,2037 2596,2022 2554,2035 2456,2034 2412,2035 2387,2046 2358,2032 2260,2032 2163,2031 2142,2023 2092,2033 2079,2018 2047,2008 2026,2013 2011,2024 1967,2031 1869,2031 1771,2031 1674,2032 1587,2030 1478,2034 1415,2019 1404,2029 1380,2035 1324,2036 1304,2025 1294,2025 1282,2036 1185,2038 1094,2027 1077,2025 1044,2037 989,2041 975,2045 953,2037 926,2026 908,2018 887,2030 870,2027 865,2043 796,2036 754,2038 724,2036 677,2047"/>
                <Baseline points="505,2066 602,2064 700,2063 798,2061 896,2058 994,2058 1091,2056 1189,2055 1287,2054 1385,2052 1483,2052 1286,2060 1384,2060 1776,2051 1874,2051 1972,2051 2069,2052 2167,2052 2265,2054 2363,2055 2461,2057"/>
                <TextEquiv>
                    <Unicode>Gdansk et Elbing et Kinczsberg dumtaxat gwerra presenti durante fidelis et justa</Unicode>
                </TextEquiv>
            </TextLine>
            <TextLine id="r2l39" custom="readingOrder {index:33;}">
                <Coords points="704,2134 715,2135 724,2139 671,2242 738,2139 766,2135 804,2134 783,2154 783,2159 792,2166 810,2166 822,2168 833,2165 842,2148 850,2135 899,2134 993,2132 1088,2131 1182,2129 1214,2160 1233,2135 1277,2128 1275,2150 1312,2158 1324,2127 1371,2126 1466,2125 1560,2123 1655,2122 1749,2120 1844,2119 1938,2119 2033,2119 2127,2119 2222,2120 2316,2122 2344,2114 2355,2137 2357,2184 2371,2138 2375,2141 2411,2124 2428,2150 2443,2130 2505,2127 2600,2131 2600,2097 2576,2101 2505,2093 2483,2092 2479,2080 2460,2070 2445,2075 2433,2085 2411,2090 2360,2090 2344,2102 2316,2088 2222,2086 2205,2081 2182,2070 2168,2070 2156,2077 2127,2085 2033,2085 1990,2093 1938,2085 1844,2085 1799,2095 1781,2093 1765,2090 1749,2086 1686,2104 1660,2063 1644,2063 1620,2069 1611,2082 1574,2082 1560,2089 1466,2091 1461,2098 1426,2097 1378,2101 1371,2092 1314,2077 1297,2081 1277,2094 1237,2074 1222,2072 1217,2079 1209,2091 1182,2095 1088,2097 1079,2089 1070,2082 1054,2069 1035,2066 1016,2067 1007,2072 1002,2086 993,2098 899,2100 865,2107 804,2100 749,2085 728,2089 704,2100"/>
                <Baseline points="710,2123 804,2123 899,2123 993,2121 1088,2120 1182,2118 1277,2117 1371,2115 1466,2114 1560,2112 1655,2111 1749,2109 1844,2108 1938,2108 2033,2108 2127,2108 2222,2109 2316,2111 2411,2113 2505,2116 2600,2120"/>
                <TextEquiv>
                    <Unicode>ymaginem nostram et subscripcionem tituli nostri continens moneta cudatur prefatorum</Unicode>
                </TextEquiv>
            </TextLine>
            <TextLine id="r2l40" custom="readingOrder {index:34;}">
                <Coords points="705,2180 723,2192 728,2244 752,2195 779,2194 875,2191 971,2188 993,2218 1014,2190 1067,2186 1163,2183 1259,2182 1355,2179 1451,2177 1547,2176 1589,2177 1590,2185 1605,2199 1627,2198 1637,2195 1655,2182 1661,2169 1739,2171 1835,2171 1931,2170 2027,2170 2123,2170 2219,2170 2315,2171 2357,2172 2411,2173 2419,2171 2507,2174 2526,2209 2542,2178 2615,2178 2612,2132 2580,2126 2561,2127 2541,2126 2520,2126 2512,2129 2507,2140 2480,2134 2428,2147 2411,2139 2365,2151 2317,2130 2219,2136 2133,2123 2123,2136 2027,2136 1931,2136 1901,2122 1846,2128 1835,2137 1739,2137 1643,2140 1547,2142 1537,2130 1519,2135 1500,2135 1451,2143 1355,2145 1341,2127 1333,2148 1310,2156 1279,2153 1259,2148 1212,2160 1163,2149 1085,2129 1024,2146 988,2149 971,2154 875,2157 845,2158 812,2167 802,2169 794,2167 779,2160 770,2131 757,2148 739,2143 734,2143 705,2145 689,2150 679,2161 675,2177"/>
                <Baseline points="683,2184 779,2183 875,2180 971,2177 1067,2175 1163,2172 1259,2171 1355,2168 1451,2166 1547,2165 1643,2163 1739,2160 1835,2160 1931,2159 2027,2159 2123,2159 2219,2159 2315,2160 2411,2162 2507,2163 2604,2166"/>
                <TextEquiv>
                    <Unicode>prelatorum spiritualium et secularium Terrigenarum militarium Civium Terrarum predi</Unicode>
                </TextEquiv>
            </TextLine>
            <TextLine id="r2l41" custom="readingOrder {index:35;}">
                <Coords points="749,2243 791,2243 884,2243 922,2232 978,2241 984,2236 991,2245 993,2270 1011,2242 1054,2236 1061,2264 1095,2240 1164,2238 1171,2270 1192,2240 1258,2235 1351,2234 1420,2223 1444,2231 1517,2231 1528,2257 1548,2229 1564,2230 1575,2251 1586,2252 1599,2230 1631,2226 1636,2240 1652,2244 1677,2241 1692,2222 1724,2225 1818,2223 1911,2222 2004,2222 2061,2213 2084,2212 2098,2222 2191,2223 2284,2225 2299,2232 2378,2228 2471,2231 2565,2235 2565,2198 2545,2192 2521,2208 2508,2195 2471,2194 2378,2191 2325,2189 2307,2177 2289,2181 2192,2181 2098,2185 2004,2185 1911,2185 1877,2182 1844,2184 1825,2173 1790,2186 1724,2188 1631,2189 1615,2181 1596,2189 1557,2183 1538,2192 1497,2180 1444,2194 1417,2186 1340,2181 1258,2198 1164,2201 1108,2196 1089,2180 1075,2183 1068,2194 1061,2203 989,2214 978,2204 959,2197 884,2206 791,2206 749,2206"/>
                <Baseline points="698,2231 791,2231 884,2231 978,2229 1071,2228 1164,2226 1258,2223 1351,2222 1444,2219 1538,2217 1631,2214 1724,2213 1818,2211 1911,2210 2004,2210 2098,2210 2191,2211 2284,2213 2378,2216 2471,2219 2565,2223"/>
                <TextEquiv>
                    <Unicode>ctarum impensis pace autem domino suffragante habito tantum in Thorun et in</Unicode>
                </TextEquiv>
            </TextLine>
            <TextLine id="r2l42" custom="readingOrder {index:36;}">
                <Coords points="693,2288 707,2297 799,2297 862,2304 878,2326 891,2297 952,2302 967,2341 983,2295 1075,2295 1079,2316 1091,2319 1100,2293 1108,2287 1167,2294 1259,2291 1303,2292 1308,2336 1336,2295 1352,2289 1410,2288 1413,2304 1438,2308 1458,2306 1488,2292 1536,2285 1610,2291 1628,2283 1720,2282 1812,2280 1904,2279 1997,2279 2089,2279 2126,2289 2169,2297 2190,2289 2217,2283 2273,2280 2365,2282 2457,2286 2550,2291 2550,2254 2457,2249 2434,2235 2365,2245 2330,2235 2273,2243 2267,2233 2230,2234 2181,2242 2096,2217 2083,2209 2061,2213 1997,2242 1987,2230 1904,2242 1809,2232 1748,2231 1733,2228 1721,2235 1688,2247 1628,2246 1599,2236 1576,2252 1536,2248 1528,2262 1494,2249 1444,2251 1422,2228 1352,2252 1259,2254 1198,2245 1168,2270 1143,2256 1075,2258 1066,2271 1033,2261 993,2267 993,2242 977,2245 966,2249 956,2250 935,2238 920,2232 907,2240 886,2242 807,2253 767,2255 748,2252 707,2260"/>
                <Baseline points="1349,2228 1441,2228 1533,2228 1625,2226 1717,2226 1809,2225 1901,2222 1994,2220 2086,2219 2178,2216 2270,2214 2362,2213 2454,2211 2546,2210 2639,2210 2731,2210 2823,2210 2915,2211 3007,2213 3099,2217 3192,2222"/>
                <TextEquiv>
                    <Unicode>Gdansk sine prejudicio privilegii Thoruniensis Ciuitatis nostris Regalibus cudatur</Unicode>
                </TextEquiv>
            </TextLine>
            <TextLine id="r2l43" custom="readingOrder {index:37;}">
                <Coords points="738,2352 768,2351 784,2380 801,2354 828,2352 855,2358 870,2380 895,2353 918,2351 981,2360 994,2385 1008,2351 1099,2349 1100,2375 1124,2352 1189,2347 1279,2345 1327,2353 1348,2368 1370,2343 1460,2342 1550,2339 1584,2359 1615,2362 1623,2343 1641,2337 1731,2336 1750,2360 1821,2330 1911,2329 1935,2324 1945,2317 1967,2323 2011,2325 2000,2359 2014,2353 2019,2344 2039,2328 2095,2328 2182,2333 2250,2338 2257,2357 2263,2359 2282,2354 2292,2341 2303,2336 2363,2336 2453,2339 2544,2343 2544,2306 2495,2293 2452,2293 2406,2291 2363,2299 2273,2297 2245,2290 2182,2296 2157,2303 2092,2296 2011,2286 2002,2296 1911,2296 1842,2283 1821,2297 1795,2286 1731,2299 1641,2300 1618,2294 1550,2302 1460,2305 1437,2308 1370,2306 1332,2313 1308,2330 1279,2308 1189,2310 1143,2306 1134,2299 1113,2283 1106,2288 1103,2300 1099,2312 1083,2322 1008,2314 983,2315 963,2346 936,2309 918,2314 907,2297 890,2296 883,2299 876,2315 828,2315 759,2306 738,2315"/>
                <Baseline points="738,2340 828,2340 918,2339 1008,2339 1099,2337 1189,2335 1279,2333 1370,2331 1460,2330 1550,2327 1641,2325 1731,2324 1821,2322 1911,2321 2002,2321 2092,2321 2182,2321 2273,2322 2363,2324 2453,2327 2544,2331"/>
                <TextEquiv>
                    <Unicode>impensis proviso tamen quod moneta ipsa in pondere et grano et liga debita</Unicode>
                </TextEquiv>
            </TextLine>
            <TextLine id="r2l45" custom="readingOrder {index:38;} above {offset:51; length:5;}">
                <Coords points="721,2407 828,2404 920,2404 1012,2403 1104,2400 1196,2398 1224,2406 1288,2395 1336,2404 1345,2424 1379,2394 1471,2391 1563,2388 1568,2421 1595,2393 1655,2386 1721,2393 1744,2404 1782,2384 1839,2383 1931,2382 2022,2382 2114,2382 2206,2382 2298,2385 2390,2388 2406,2397 2482,2392 2574,2397 2574,2367 2518,2349 2482,2362 2430,2354 2390,2358 2298,2355 2263,2356 2261,2349 2250,2342 2237,2336 2224,2336 2212,2343 2206,2352 2114,2352 2103,2349 2085,2328 2065,2326 2050,2331 2045,2338 2022,2352 2010,2351 2008,2328 1994,2326 1986,2331 1970,2332 1956,2320 1946,2316 1936,2323 1930,2328 1904,2333 1846,2338 1839,2353 1747,2355 1660,2339 1655,2356 1617,2364 1584,2364 1581,2357 1563,2358 1471,2361 1466,2348 1379,2364 1350,2371 1288,2365 1248,2364 1232,2353 1210,2354 1196,2368 1138,2358 1104,2370 1045,2370 1012,2373 983,2381 948,2368 920,2374 869,2378 861,2373 828,2374 810,2363 789,2365 779,2378 738,2375 721,2377"/>
                <Baseline points="737,2396 828,2394 920,2394 1012,2393 1104,2390 1196,2388 1288,2385 1379,2384 1471,2381 1563,2378 1655,2376 1747,2375 1839,2373 1931,2372 2022,2372 2114,2372 2206,2372 2298,2375 2390,2378 2482,2382 2574,2387"/>
                <TextEquiv>
                    <Unicode>nullatenus minuatur Item quia nos pro benegerendis rebus dominorum nostrorum in varia</Unicode>
                </TextEquiv>
            </TextLine>
            <TextLine id="line_1664844379705_391" custom="readingOrder {index:39;}">
                <Coords points="730,2421 744,2418 759,2411 794,2425 830,2414 914,2422 969,2414 1042,2421 1092,2409 1144,2406 1186,2414 1242,2409 1270,2399 1301,2404 1350,2418 1385,2409 1418,2408 1471,2404 1503,2408 1527,2401 1544,2406 1571,2420 1592,2404 1647,2406 1752,2409 1837,2393 1903,2400 1945,2394 1983,2390 1993,2400 2044,2390 2099,2395 2145,2395 2173,2402 2209,2386 2238,2402 2314,2397 2338,2411 2450,2412 2544,2412 2598,2416 2598,2452 2576,2471 2547,2483 2530,2472 2532,2454 2448,2454 2440,2462 2411,2477 2393,2483 2381,2478 2370,2449 2335,2448 2298,2451 2212,2443 2189,2463 2176,2442 2148,2442 2116,2457 2103,2438 2047,2435 1973,2441 1954,2465 1948,2468 1942,2438 1917,2438 1895,2457 1887,2438 1839,2437 1825,2459 1799,2463 1786,2441 1671,2441 1537,2442 1505,2475 1496,2442 1366,2447 1282,2450 1259,2482 1240,2448 1178,2446 1075,2446 958,2443 908,2451 826,2457 789,2461 767,2489 733,2484 730,2457"/>
                <Baseline points="737,2445 826,2445 916,2444 1006,2442 1096,2441 1185,2439 1275,2436 1365,2435 1455,2432 1544,2430 1634,2429 1724,2427 1814,2426 1903,2424 1993,2424 2083,2426 2173,2426 2262,2429 2352,2432 2442,2437 2532,2442 2547,2435 2565,2435"/>
                <TextEquiv>
                    <Unicode>sepe loca et a Terris predictis distancia necesse est facere descensum ne igitur per</Unicode>
                </TextEquiv>
            </TextLine>
            <TextLine id="r2l48" custom="readingOrder {index:40;}">
                <Coords points="701,2500 727,2504 817,2508 826,2514 909,2507 937,2527 956,2505 1001,2504 1094,2502 1186,2501 1278,2499 1290,2516 1321,2524 1340,2505 1371,2498 1432,2505 1454,2522 1463,2496 1555,2495 1648,2493 1740,2493 1781,2490 1796,2518 1832,2493 1844,2516 1860,2524 1881,2501 1924,2493 1972,2509 1988,2532 2001,2500 2017,2493 2109,2493 2201,2495 2242,2495 2253,2511 2287,2527 2303,2512 2386,2499 2478,2501 2576,2507 2576,2471 2548,2478 2478,2465 2443,2461 2423,2473 2400,2480 2398,2464 2379,2479 2376,2459 2358,2454 2294,2460 2249,2449 2201,2459 2182,2464 2115,2461 2109,2457 2071,2440 2030,2448 2017,2457 1984,2450 1948,2464 1924,2457 1902,2456 1890,2448 1869,2456 1832,2457 1817,2466 1796,2467 1740,2457 1691,2450 1648,2457 1555,2459 1517,2454 1507,2475 1463,2460 1415,2455 1371,2462 1340,2451 1278,2463 1256,2483 1246,2464 1186,2465 1155,2456 1133,2459 1094,2466 1001,2468 982,2466 975,2453 953,2445 947,2451 939,2463 910,2464 909,2471 837,2463 817,2458 811,2466 792,2485 763,2487 738,2484 715,2460 695,2462 684,2472"/>
                <Baseline points="725,2498 817,2496 909,2495 1001,2492 1094,2490 1186,2489 1278,2487 1371,2486 1463,2484 1555,2483 1648,2481 1740,2481 1832,2481 1924,2481 2017,2481 2109,2481 2201,2483 2294,2484 2386,2487 2478,2489 2571,2493"/>
                <TextEquiv>
                    <Unicode>nostram absenciam Terre ipse aliquod contrahere possint periculum vel periclitacionem</Unicode>
                </TextEquiv>
            </TextLine>
            <TextLine id="r2l49" custom="readingOrder {index:41;}">
                <Coords points="707,2568 726,2568 813,2565 833,2558 905,2562 997,2560 1004,2591 1039,2590 1069,2579 1089,2559 1181,2557 1273,2556 1364,2554 1456,2554 1483,2554 1481,2569 1493,2575 1508,2574 1527,2569 1532,2558 1548,2553 1640,2553 1732,2553 1824,2553 1916,2553 2007,2553 2016,2565 2047,2569 2061,2561 2099,2553 2191,2553 2208,2552 2221,2581 2236,2557 2283,2554 2375,2554 2467,2554 2559,2554 2559,2515 2523,2510 2467,2515 2375,2515 2289,2529 2275,2518 2257,2519 2244,2507 2191,2514 2100,2510 2008,2506 2007,2514 1984,2529 1970,2515 1916,2514 1848,2525 1824,2514 1798,2513 1732,2514 1640,2514 1608,2500 1589,2494 1548,2514 1456,2515 1447,2527 1364,2515 1312,2529 1292,2520 1273,2517 1188,2512 1181,2518 1130,2511 1109,2506 1089,2520 997,2521 934,2528 905,2523 815,2520 775,2522 718,2522 707,2529"/>
                <Baseline points="722,2555 813,2552 905,2549 997,2547 1089,2546 1181,2544 1273,2543 1364,2541 1456,2541 1548,2540 1640,2540 1732,2540 1824,2540 1916,2540 2007,2540 2099,2540 2191,2540 2283,2541 2375,2541 2467,2541 2559,2541"/>
                <TextEquiv>
                    <Unicode>nobiles viros pro illius tuicione et gubernacione de eorum legalitate fide et merito </Unicode>
                </TextEquiv>
            </TextLine>
            <TextLine id="r2l50" custom="readingOrder {index:42;}">
                <Coords points="733,2609 760,2603 802,2606 808,2636 848,2632 849,2610 942,2608 1035,2607 1128,2607 1221,2605 1251,2609 1275,2625 1298,2630 1314,2604 1407,2604 1424,2605 1430,2651 1455,2606 1500,2602 1593,2602 1686,2602 1779,2602 1872,2602 1965,2602 2058,2602 2151,2604 2179,2608 2196,2628 2217,2608 2244,2604 2315,2606 2326,2635 2337,2605 2398,2619 2430,2607 2523,2608 2616,2610 2616,2579 2561,2567 2523,2577 2430,2576 2367,2561 2341,2564 2254,2558 2238,2569 2225,2576 2212,2564 2151,2573 2058,2571 1965,2571 1903,2562 1872,2571 1779,2571 1742,2556 1686,2571 1666,2570 1593,2571 1547,2567 1498,2576 1488,2570 1475,2551 1467,2561 1450,2558 1431,2560 1414,2556 1372,2569 1314,2573 1221,2574 1156,2563 1128,2576 1105,2564 1091,2561 1077,2574 1065,2581 1041,2591 1010,2590 996,2577 942,2577 872,2569 838,2556 824,2559 815,2568 808,2575 733,2578"/>
                <Baseline points="756,2603 849,2600 942,2598 1035,2597 1128,2597 1221,2595 1314,2594 1407,2594 1500,2592 1593,2592 1686,2592 1779,2592 1872,2592 1965,2592 2058,2592 2151,2594 2244,2594 2337,2595 2430,2597 2523,2598 2616,2600"/>
                <TextEquiv>
                    <Unicode>confisi ad nostre dumtaxat beneplacitum voluntatis Ac cum consilio prelatorum Con</Unicode>
                </TextEquiv>
            </TextLine>
            <TextLine id="r2l51" custom="readingOrder {index:43;}">
                <Coords points="730,2658 733,2692 752,2669 757,2653 792,2653 850,2658 939,2658 1029,2658 1118,2656 1208,2656 1297,2655 1322,2651 1386,2655 1447,2664 1465,2679 1485,2659 1565,2653 1655,2652 1744,2652 1772,2651 1786,2669 1833,2652 1923,2652 2012,2653 2102,2654 2110,2686 2128,2656 2150,2656 2191,2656 2280,2658 2311,2668 2370,2661 2398,2671 2420,2688 2428,2668 2459,2665 2549,2670 2549,2639 2459,2634 2432,2617 2399,2622 2370,2630 2332,2630 2322,2610 2304,2607 2289,2613 2280,2627 2191,2625 2102,2623 2078,2617 2012,2622 1923,2610 1892,2603 1833,2621 1752,2608 1744,2621 1691,2608 1655,2621 1565,2622 1536,2614 1506,2606 1471,2601 1452,2610 1446,2627 1430,2648 1422,2627 1386,2624 1297,2624 1282,2629 1208,2625 1118,2625 1083,2614 1057,2614 1029,2627 939,2627 850,2627 844,2635 815,2633 800,2619 773,2609 755,2604 744,2610 736,2616 730,2627"/>
                <Baseline points="761,2646 850,2648 939,2648 1029,2648 1118,2646 1208,2646 1297,2645 1386,2645 1476,2643 1565,2643 1655,2642 1744,2642 1833,2642 1923,2642 2012,2643 2102,2644 2191,2646 2280,2648 2370,2651 2459,2655 2549,2660"/>
                <TextEquiv>
                    <Unicode>siliariorum Civitum majorum predicte terre deputabimus ad quos in nostri absencia</Unicode>
                </TextEquiv>
            </TextLine>
            <TextLine id="r2l52" custom="readingOrder {index:44;}">
                <Coords points="748,2714 749,2741 765,2712 772,2714 788,2715 790,2737 812,2715 845,2712 857,2737 890,2711 953,2710 1043,2709 1062,2710 1072,2738 1089,2713 1133,2709 1223,2707 1313,2707 1404,2707 1494,2706 1584,2706 1674,2706 1723,2709 1735,2735 1764,2706 1806,2709 1818,2735 1844,2739 1858,2706 1944,2707 2035,2708 2044,2710 2048,2732 2059,2740 2065,2739 2092,2735 2110,2711 2125,2709 2144,2735 2167,2710 2215,2710 2223,2705 2305,2713 2395,2715 2485,2718 2576,2722 2576,2682 2571,2673 2545,2673 2485,2678 2416,2692 2395,2675 2305,2673 2215,2670 2159,2655 2149,2664 2125,2669 2108,2684 2090,2668 2035,2668 2005,2664 1970,2654 1955,2657 1944,2667 1930,2658 1854,2666 1788,2671 1764,2666 1759,2656 1756,2650 1736,2658 1674,2666 1584,2666 1494,2666 1477,2664 1468,2680 1452,2662 1420,2662 1404,2667 1313,2667 1223,2667 1133,2669 1084,2660 1043,2669 951,2660 863,2670 805,2671 775,2654 762,2662 748,2674"/>
                <Baseline points="773,2699 863,2697 953,2697 1043,2696 1133,2696 1223,2694 1313,2694 1404,2694 1494,2693 1584,2693 1674,2693 1764,2693 1854,2693 1944,2694 2035,2695 2125,2696 2215,2697 2305,2700 2395,2702 2485,2705 2576,2709"/>
                <TextEquiv>
                    <Unicode>super quolibet defectu et eventu habeatur recursus providencia provisione et auctoritate</Unicode>
                </TextEquiv>
            </TextLine>
            <TextLine id="r2l53" custom="readingOrder {index:45;}">
                <Coords points="737,2770 839,2767 930,2764 938,2797 978,2792 1003,2795 1021,2761 1112,2760 1202,2758 1293,2758 1384,2757 1475,2757 1539,2755 1563,2771 1565,2757 1656,2758 1747,2759 1838,2760 1928,2761 2019,2763 2110,2764 2201,2767 2220,2770 2220,2819 2243,2773 2291,2769 2382,2771 2473,2773 2474,2799 2498,2803 2514,2807 2529,2777 2564,2775 2564,2735 2532,2722 2495,2723 2473,2733 2382,2731 2291,2729 2245,2717 2220,2709 2213,2717 2201,2727 2133,2735 2110,2724 2086,2732 2055,2738 2019,2723 1928,2721 1871,2705 1853,2717 1842,2735 1820,2738 1747,2719 1739,2734 1725,2716 1703,2710 1656,2718 1565,2717 1540,2711 1475,2717 1427,2710 1384,2717 1356,2713 1321,2710 1293,2718 1202,2718 1112,2720 1099,2716 1067,2734 1054,2721 1030,2710 1021,2721 974,2713 949,2708 938,2713 930,2724 860,2741 839,2727 792,2744 789,2721 763,2713 752,2737 737,2730"/>
                <Baseline points="749,2757 839,2754 930,2751 1021,2748 1112,2747 1202,2745 1293,2745 1384,2744 1475,2744 1565,2744 1656,2745 1747,2746 1838,2747 1928,2748 2019,2750 2110,2751 2201,2754 2291,2756 2382,2758 2473,2760 2564,2762"/>
                <TextEquiv>
                    <Unicode>illorum supplendus emendandus Item mercatoribus Terrarum predictarum Prussie</Unicode>
                </TextEquiv>
            </TextLine>
            <TextLine id="r2l54" custom="readingOrder {index:46;}">
                <Coords points="642,2833 700,2838 718,2842 737,2853 745,2833 747,2815 813,2828 803,2836 820,2848 829,2849 843,2846 870,2841 877,2836 887,2817 930,2818 1023,2816 1117,2814 1211,2813 1304,2812 1398,2810 1492,2810 1572,2818 1590,2819 1614,2828 1679,2810 1772,2810 1788,2826 1828,2815 1866,2812 1960,2813 2053,2815 2147,2817 2241,2819 2251,2847 2273,2824 2282,2831 2298,2852 2308,2856 2326,2855 2345,2824 2428,2825 2502,2830 2502,2797 2485,2801 2428,2792 2334,2789 2293,2775 2251,2770 2241,2772 2238,2785 2220,2816 2206,2783 2177,2780 2147,2784 2053,2782 2031,2763 2014,2764 1983,2761 1960,2780 1866,2779 1801,2761 1788,2766 1772,2777 1679,2777 1585,2777 1571,2773 1557,2763 1541,2750 1523,2750 1506,2755 1498,2761 1484,2774 1398,2773 1311,2762 1211,2780 1117,2781 1083,2782 1048,2768 1031,2770 1012,2778 1003,2794 979,2796 934,2795 930,2785 836,2789 832,2773 780,2778 734,2773 713,2772 682,2772 661,2783 642,2800"/>
                <Baseline points="743,2814 836,2811 930,2807 1023,2805 1117,2803 1211,2802 1304,2801 1398,2799 1492,2799 1585,2799 1679,2799 1772,2799 1866,2801 1960,2802 2053,2804 2147,2806 2241,2808 2334,2811 2428,2814 2522,2817"/>
                <TextEquiv>
                    <Unicode>In Regnum Ducatus et dominia nostra venientibus hanc libertatem et prerogativam</Unicode>
                </TextEquiv>
            </TextLine>
            <TextLine id="r2l55" custom="readingOrder {index:47;}">
                <Coords points="746,2870 833,2869 920,2867 940,2881 978,2884 998,2891 1007,2867 1094,2866 1123,2877 1181,2864 1219,2866 1229,2884 1258,2892 1259,2882 1268,2864 1356,2864 1443,2864 1470,2866 1487,2894 1500,2868 1530,2864 1617,2864 1704,2864 1791,2866 1878,2867 1885,2901 1909,2870 1966,2869 2011,2869 2038,2891 2051,2883 2053,2870 2140,2873 2227,2876 2314,2878 2391,2889 2401,2882 2433,2889 2496,2887 2496,2854 2485,2845 2401,2849 2332,2849 2306,2859 2297,2852 2290,2844 2274,2830 2251,2840 2227,2843 2156,2835 2140,2840 2095,2815 2074,2815 2053,2837 1966,2836 1878,2834 1791,2833 1780,2822 1731,2813 1707,2813 1704,2831 1644,2823 1617,2831 1530,2831 1443,2831 1395,2825 1356,2831 1343,2825 1268,2831 1267,2813 1246,2812 1239,2818 1230,2831 1181,2831 1094,2833 1053,2816 1044,2821 1039,2834 1007,2834 920,2834 886,2840 870,2842 849,2838 836,2850 807,2850 798,2835 781,2822 746,2837"/>
                <Baseline points="746,2859 833,2858 920,2856 1007,2856 1094,2855 1181,2853 1268,2853 1356,2853 1443,2853 1530,2853 1617,2853 1704,2853 1791,2855 1878,2856 1966,2858 2053,2859 2140,2862 2227,2865 2314,2867 2401,2871 2489,2876"/>
                <TextEquiv>
                    <Unicode>de cetero volumus conservari ut quociens illos in quecumque loca Civitates et</Unicode>
                </TextEquiv>
            </TextLine>
            <TextLine id="r2l56" custom="readingOrder {index:48;}">
                <Coords points="731,2926 760,2952 781,2929 831,2925 922,2923 940,2937 959,2943 984,2942 993,2931 1013,2922 1104,2920 1196,2919 1287,2919 1378,2919 1469,2919 1499,2908 1515,2911 1545,2913 1560,2919 1652,2920 1743,2921 1834,2922 1925,2923 2016,2926 2108,2928 2191,2934 2199,2929 2290,2932 2308,2966 2328,2939 2381,2935 2393,2931 2425,2935 2434,2967 2452,2949 2472,2938 2475,2963 2498,2964 2521,2942 2596,2944 2596,2905 2592,2880 2571,2870 2556,2869 2524,2870 2509,2873 2484,2892 2472,2899 2381,2896 2331,2886 2290,2893 2199,2890 2178,2885 2108,2889 2046,2886 2033,2892 2016,2887 2000,2869 1981,2879 1925,2884 1903,2883 1886,2900 1875,2888 1834,2883 1743,2882 1691,2872 1652,2881 1560,2880 1484,2894 1469,2880 1434,2880 1418,2868 1394,2870 1378,2880 1287,2880 1256,2885 1237,2890 1227,2877 1208,2867 1195,2868 1182,2878 1132,2875 1104,2881 1013,2883 987,2893 953,2888 934,2883 920,2871 881,2886 831,2886 816,2881 731,2887"/>
                <Baseline points="740,2913 831,2912 922,2910 1013,2909 1104,2907 1196,2906 1287,2906 1378,2906 1469,2906 1560,2906 1652,2907 1743,2908 1834,2909 1925,2910 2016,2913 2108,2915 2199,2916 2290,2919 2381,2922 2472,2925 2564,2927"/>
                <TextEquiv>
                    <Unicode>opida Regni et dominiorum nostrorum venire cum mercibus eorum cujuscumque spciey</Unicode>
                </TextEquiv>
            </TextLine>
            <TextLine id="r2l57" custom="readingOrder {index:49;}">
                <Coords points="675,2960 757,2978 834,2969 848,2978 940,2978 1016,2983 1031,2978 1064,2986 1076,2997 1090,3001 1108,2977 1123,2976 1138,3003 1159,2978 1214,2975 1300,2974 1312,2996 1328,2997 1350,3000 1373,2995 1385,2978 1397,2973 1489,2973 1580,2972 1671,2972 1763,2972 1854,2973 1908,2979 1946,2973 1985,2977 1993,2998 2037,2975 2129,2976 2220,2980 2312,2983 2365,3002 2403,2987 2495,2993 2494,2964 2479,2962 2434,2967 2413,2944 2403,2939 2341,2949 2308,2964 2287,2933 2220,2944 2129,2940 2079,2929 2064,2931 2037,2939 2009,2925 1946,2937 1898,2925 1854,2937 1763,2936 1671,2936 1580,2936 1569,2942 1526,2937 1513,2917 1503,2916 1489,2937 1397,2937 1306,2939 1214,2939 1161,2927 1123,2940 1031,2942 999,2937 960,2948 940,2942 848,2942 793,2926 777,2943 756,2953 738,2932 700,2911 693,2911 673,2917 658,2923 655,2940"/>
                <Baseline points="344,2973 435,2973 526,2973 618,2973 709,2973 801,2971 892,2970 984,2970 1075,2968 1167,2968 1258,2967 1349,2967 1441,2967 1532,2968 1624,2968 1715,2970 1807,2971 1898,2975 1990,2978 2081,2982 2173,2988"/>
                <TextEquiv>
                    <Unicode>vel maneriey existant contigerit licitum erit eis hujusmodi merces in loca</Unicode>
                </TextEquiv>
            </TextLine>
            <TextLine id="r2l58" custom="readingOrder {index:50;}">
                <Coords points="621,3027 794,3031 811,3096 835,3040 903,3032 996,3032 1090,3032 1183,3030 1276,3030 1369,3029 1463,3029 1556,3028 1622,3052 1649,3027 1742,3027 1836,3027 1929,3029 2022,3029 2115,3030 2121,3068 2154,3062 2209,3033 2302,3035 2322,3059 2395,3038 2488,3042 2582,3047 2582,3011 2581,2993 2561,2984 2480,2997 2395,3002 2297,2995 2209,2997 2175,2981 2151,2993 2128,2983 2115,2994 2022,2993 1989,2999 1980,2976 1942,2978 1929,2993 1834,2974 1742,2991 1649,2991 1556,2992 1463,2993 1461,2984 1399,2994 1369,2993 1355,3000 1310,2996 1283,2985 1276,2994 1183,2994 1137,3000 1130,2991 1103,2984 1093,2989 1086,3001 995,2990 901,2979 827,2976 817,2979 810,2996 783,2982 733,2980 699,2963 660,2958 635,2959 617,2960 621,2991"/>
                <Baseline points="717,3020 810,3020 903,3020 996,3020 1090,3020 1183,3018 1276,3018 1369,3017 1463,3017 1556,3016 1649,3015 1742,3015 1836,3015 1929,3017 2022,3017 2115,3018 2209,3021 2302,3023 2395,3026 2488,3030 2582,3035"/>
                <TextEquiv>
                    <Unicode>Testudines et Cameras aut tecta quarum illis libera prestari debet arendacio</Unicode>
                </TextEquiv>
            </TextLine>
            <TextEquiv>
                <Unicode>occupacionis Terrarum predictarum omnia bona et merces quarumcumque manerierum&#13;
Divina permissione naufragium in mari passorum velut propria ex naufragio quasi&#13;
jure facta occupabant Nos tamen qui Rex katholicus sumus et sortem huiusmodi&#13;
Naturali et Divino jure Sedisque Apostolice decreto dampnatam velut crudelem&#13;
et injustam execramur pollicemur et merces quarumcumque manerierum divina&#13;
permissione naufragium que res et bona cujuscumque ponderis aut valoris existant&#13;
earum personarum que maris naufragio periclitabuntur nunquam per nos aut offici&#13;
ales nostros velut nostras aut juris nostri petemus aut requiremus Sed illas absque&#13;
diminucione per eos quorum ante naufragium fuerunt aut eorum propinquiores demon&#13;
stracione evidenti propinquitatem probantibus colligendas Et in usus beneplacitos decernimus&#13;
convertendas Contrarie conswetudini aut juri vel pocius corruptelle pro nobis et&#13;
successoribus nostris renunciando nisi forte bonorum hujusmodi nullus excaret justus&#13;
heres et successor quoniam in casu illo bona ex naufragio habita nostre volumus potestati&#13;
subjacere Item omnes prelatos militares nobiles Cives et Incolas Terrarum predi&#13;
ctarum in jus condicionem et proprietatem Regni Polonie translatos et invisceratos hac&#13;
eciam prosequemur prerogativa Quod dignitates et officia hactenus illic consistencia et&#13;
Imposterum constituenda Item Castra et Thenutas Civitatum locorum in Terris&#13;
predictis nulli extraneo aut forensi sed proprio Indigene juxta observanciam&#13;
aliarum Terrarum Regni nostri conferremus Item omnes causas notabiles dictas&#13;
Terras concernentes cum comuni spiritualium et secularium ac nobilium et&#13;
majorum Civitatum Consiliariorum consilio Terrarum predictarum terminabimus tractabimus&#13;
et diffiniemus Item terras predictas sub nostro Regimine et Regni Polonie corpore consistentes&#13;
In suis antiquis gadibus limitibus et terminis conservabimus tuebimur et defendemus nec&#13;
terminos et gades Terrarum ipsarum in aliquo diminui vel periclitari velut Regni&#13;
nostri partes individuas ullatenus paciemur Item cum Terre ipse et homines ipsas&#13;
Incolentes variis hactenus legibus sive juribus videlicet Maydemburgensi et Chulmensi&#13;
Polonicali hereditario et Prutenico in decidendis quibusuis eorum questionibus et&#13;
administracione justicie utebantur quod eciam illis sub nostro principatu et Regimine&#13;
volumus firmum esse et perhenne ea licencia attributa ut liceat cuicumque de uno jure&#13;
In aliud sine tamen aliorum prejudicio quo voluerit transmigrare Item cum monethe&#13;
justam et fidelem ligam pondusque habentis cusio Terram quamlibet vehementer et&#13;
nobilitet et fecundet volumus ut in quatuor locis Terrarum predictarum videlicet in Thorun&#13;
Gdansk et Elbing et Kinczsberg dumtaxat gwerra presenti durante fidelis et justa&#13;
ymaginem nostram et subscripcionem tituli nostri continens moneta cudatur prefatorum&#13;
prelatorum spiritualium et secularium Terrigenarum militarium Civium Terrarum predi&#13;
ctarum impensis pace autem domino suffragante habito tantum in Thorun et in&#13;
Gdansk sine prejudicio privilegii Thoruniensis Ciuitatis nostris Regalibus cudatur&#13;
impensis proviso tamen quod moneta ipsa in pondere et grano et liga debita&#13;
nullatenus minuatur Item quia nos pro benegerendis rebus dominorum nostrorum in varia&#13;
sepe loca et a Terris predictis distancia necesse est facere descensum ne igitur per&#13;
nostram absenciam Terre ipse aliquod contrahere possint periculum vel periclitacionem&#13;
nobiles viros pro illius tuicione et gubernacione de eorum legalitate fide et merito &#13;
confisi ad nostre dumtaxat beneplacitum voluntatis Ac cum consilio prelatorum Con&#13;
siliariorum Civitum majorum predicte terre deputabimus ad quos in nostri absencia&#13;
super quolibet defectu et eventu habeatur recursus providencia provisione et auctoritate&#13;
illorum supplendus emendandus Item mercatoribus Terrarum predictarum Prussie&#13;
In Regnum Ducatus et dominia nostra venientibus hanc libertatem et prerogativam&#13;
de cetero volumus conservari ut quociens illos in quecumque loca Civitates et&#13;
opida Regni et dominiorum nostrorum venire cum mercibus eorum cujuscumque spciey&#13;
vel maneriey existant contigerit licitum erit eis hujusmodi merces in loca&#13;
Testudines et Cameras aut tecta quarum illis libera prestari debet arendacio</Unicode>
            </TextEquiv>
        </TextRegion>
    </Page>
</PcGts>
