2916 3742
417 306 2447 433 deponere et pro suo libito in venalitatem exponere stratasque omnes versus Hunga
446 381 2446 477 riam Russiam Moraviam Sleziam Austriam Saxoniam Valachiam depositis tamen
420 444 2402 528 Theloneis et stratis antiquis Civitatum Regni et dominiorum nostrorum semper salwis
380 437 2367 714 Harum quibus nostrum sigillum presentibus est appensum testimonio litterarum Actum et
432 547 2392 653 Datum Cracovie feria quarta Cinerum Anno Domini millesimo quadringentesimo quinquagesimo quarto
437 592 2322 718 Presentibus ibidem Reverendissimis in Christo patribus magnificisque dominis Sbigneo Dei gracia tituli
461 610 2474 760 Sancte Prisce presbytero Cardinali et Episcopo Cracoviensi Johanne Dei gracia Sancte Gneznensis
410 707 2371 806 Ecclesie archiepiscopo et primate Johanne Wladislaviensi Andrea Poznaniensi eadem gracia Episcopus Johanne
414 724 2418 864 de Cziszow Castellano et Capitaneo Johanne de Thanczin pallatino Cracoviensibus
429 820 2337 918 Luca de Gorka Poznaniensi Johanne de Oleschnycza Sandomiriensi Petro de Opporow
398 848 2463 971 Lanciciensi Nicolao de Scharlen Brestensi pallatinis Petro de Schamotuli Poznaniensi
413 909 2441 1050 Predborio de Conyeczpole Sandomiriensi Castellanis Petro Schaffranecz de Pyeschkowa
428 968 2490 1082 Skala Cracoviensi Michaele de Lassoczski Lanciciensi succamerariis et aliis quampluribus
444 1027 2472 1134 fidedignis testibus ad premissa Datum per manus magnificorum Johannis de Conyeczpole
406 1087 2399 1219 Cancellarii Petri de Sczekoczini vicecancellarii Regni Polonie sincere nobis dilectorum
1373 1187 2310 1309 Relacio ejusdem magnifici Johannis de
1452 1258 2389 1382 Conyeczpole Regni Polonie Cancellarii vero
495 1283 2408 1479 Kazimirus Dei gracia Rex Polonie magnus dux Lithwanie Russie etc Signi
501 1420 2330 1532 ficamus tenore presencium ex quibus expedit universis quia in certis summis
494 1492 2417 1588 pecniarum Magnifico Derslao de Rythwani dedimus Castrem Rosperiensem dedimus
501 1545 2394 1659 in Tenutam perdecursum duorum annorum Chcelonem Rubyeschowien̄ datis
473 1599 2485 1715 in Brest feria sexta proxima post Zopphie Anno Domini millesimo quadringentesimo quinquagesimo tercio
