2916 3742
404 221 2334 435 Quo non contenti Mercatorem Vithum Moszyer ex eo quod navigiis per flumen Wisla
348 382 2304 547 In Cracoviam merces devexerat capitali damnaverunt sentencia Ne memorabilis
456 443 2377 556 sui facti exemplum ceteros in sequelam similem traheret sed pocius sewa mulctacio
446 491 2375 627 quoslibet deterrendo profectum Regni nostri aboleret Hiis itaque et pluribus aliis evidentibus
421 566 2354 666 legittimisque respectibus persvasi admoniti et inducti Comunicato cum prelatis princi
437 617 2365 730 bus Baronibus ceterisque fidelibus Regnorum Ducatuum et Dominiorum nostrorum
420 673 2339 788 consilio ac de eorum expressa voluntate approbacione gratificacione et consensu Ne
410 733 2317 846 Divine voluntati que hereditatem nostram occupacione illicita solvendam nobisque
441 790 2391 905 reddendam pia miseracione censuit videamur resistere et Calamitosis afflictisque subditis
324 851 2382 969 nostris opem nostram implorantibus deesse veritique ne dominia sortes Terras et heredi
433 911 2385 1018 tates nostras alius illicitus occupator tyrannusque ex quo nobis hostilitas major con
418 969 2399 1081 surgeret invadat Ad honorem omnipotentis Dei ejusque Genitricis Virginis Marie
439 1019 2375 1114 Sancti Adalberti Martiris Sancti Stanislai Prothomartiris Polonie ac tocius jerarchie
447 1081 2427 1195 celestis prefatorum prelatorum spiritualium et secularium militarium civium Terrigenarum
428 1132 2387 1242 et omnium Incolarum Terrarum Prussie Chulmensis Kinczsberiensis Elbingensis et Pomeranie in
433 1182 2512 1290 terra marique sitarum benivolam et spontaneam dedicionem Regimen tutellam gubernacionem
431 1241 2384 1357 subjeccionem obedienciam accepimus assumpsimus Tenoreque presencium non per errorem aut improvide
439 1295 2360 1407 sed de certa nostra sciencia et voluntate in Dei nomine assumimus et acceptamus Terras
422 1359 2400 1469 que et dominia predicta Regno Polonie reintegramus reunimus invisceramus et incorporamus
419 1413 2398 1530 et ad vsum participacionem omnium honorum jurium et libertatum et prerogativarum quibus prelati
289 1458 2405 1582 barones et nobiles Regni Polonie hactenus potiti sunt Et signanter ad futurorum Regum
320 1516 2399 1643 Polonie quocienscumque super illorum eleccione et coronacione fieri deliberacionem contingat
435 1587 2387 1696 eleccionem et Coronacionem admittimus annectimus et includimus promittentes pro nobis heredibus
411 1635 2422 1755 et successoribus nostris ac universo Regno Polonie quod predictas Terras et dominia atque prelatos
395 1691 2408 1814 spirituales et seculares barones militares et nobiles cives opidanos et Cujuscumque condi
428 1739 2429 1880 cionis status vel preeminencie homines existant hactenus in illis comorantes et imposterum
433 1801 2391 1939 comoraturos favore gracia benivolencia et affeccione regali prosequemur et contra quascumque
417 1863 2437 1982 adversitates impugnaciones quorumcumque hominum illis prestabimus velut fidelibus et subditis
327 1910 2369 2042 nostris regalem assistenciam et defensam nec illos aut Terras predictas a corpore et
424 1968 2426 2127 Integritate Regni nostri Polonie alienari sequestrari scindi ullacemis paciemur Promittentes
339 2005 2420 2146 Insuper pro nobis heredibus et successoribus nostris quod prefatos prelatos spirituales et seculares
415 2064 2469 2186 Ac sacras edes et Eclesias Barones nobiles et Cives atque singulos Incolas Terrarum illorum
356 2134 2403 2267 nostrarum predictarum Prussie in juribus libertatibus litteris privilegiis munimentis eorum que
407 2192 2450 2304 a principibus spiritualibus et secularibus Regibus et dominis Terrarum predictarum obti
470 2252 2426 2357 nent conservabimus fovebimus defendemus nec umquam ea violabimus aut prevaricabimur Aut
335 2301 2429 2408 violari vel prevaricari quomodolibet permittemus Si autem alicui Civitati vel private persone privile
380 2360 2390 2510 gium ammissum fuerit aliud de Consilio Consiliariorum Terrarum illarum generose dabimus
461 2416 2477 2517 et largiemur dummodo in hereditatis et bonorum quorum a nobis petetur litteralis innovacio
442 2469 2360 2595 petens fuerit in pacifica continua et prescripcionem habente possessione Ut autem nostre
460 2526 2470 2631 liberalitatis equitatis et justicie dextram in hiis subjeccionis eorum et nostre acceptacionis
445 2589 2336 2685 felicibus dante domino primiciis senciant In universos et quemlibet eorum effusam et
339 2640 2363 2748 In mutacione principum commutatam eciam et sublatam deprehendant deprehendant
451 2688 2339 2822 oppressionem daciam que in vulgari pfunthczol dicitur Item omnia alia Thelonea in
430 2749 2409 2850 aquis et Terra nowa aut antiqua observancia in terris dumtaxat predictis Prussie
438 2804 2342 2933 quomodolibet constituta Item in Terra Pomeranie exaccionem sive Daciam que porcus
374 2859 2391 2967 alias narzas veteri institucione Ducum Polonie vocabatur regia munificencia tollimus
422 2922 2345 3025 abrogamus deponimus ac solucionem illarum perpetuis temporibus resolvimus Dimittimus et
410 2967 2418 3079 relaxamus Nullo umquam tempore per nos aut successores nostros Reges Polonie ex quacumque
422 3035 2405 3224 causa aut occasione instituendam aut imponendam Item licet magister et ordo tempore
