2916 3742
523 285 2516 460 militem et Johannem Meydburg Gdanenses Consules ambasiatores et nuncios
709 382 2510 486 suos cum pleno mandato et legacione ad nos transmissos novis legacionibus et
661 429 2551 563 precibus sollicitarent quatinus non jam tantum eorum defensioni quantum gubernacioni
705 487 2535 598 et regimini insistere dediccionemque eorum subyeccionem fidelitatem et perpetuam obe
683 538 2576 638 dienciam quam nobis suo et omnium prelatorum spiricualium et secularium milita
668 593 2572 707 rium Terrigenarum Civium et Incolarum universitatis tocius Terrarum predictarum
535 643 2504 788 nominibus obtulerunt suscipere velut legittimus justus et verus dominus et
675 695 2593 793 heres Terrarum predictarum ac Terras prefatas ad naturam et sortem suam redeuntes
642 749 2616 849 Regno Polonie a Cujus corpore nowa et recenti memoria Contra jus phasque sequestrate
639 802 2623 936 fuerant incorporare inviscerare reunire appropriare atque consociare et consolidare dignaremur
600 854 2617 959 Alterius principatum et dedicionem si regimen si imperium non tam per eos nobis delatum
686 907 2653 1007 quam reditum abyci contingeret quesituri Nos superiora cogitacione et animo revoluentes
671 962 2542 1069 tempora quibus nonnulle ex Terris predictis per Reges et principes Polonie jure
662 1011 2559 1119 legittimo et hereditario possesse Tandem predecessori nostro Wladislao Regi Polonie
660 1059 2517 1173 bello cum finitimis et infidelibus occupato vi et armis per magistrum et ordinem
667 1110 2601 1239 Prussie abstracte nunquam juris et proprietatis Regni nostri Polonie esse desierant Quem
671 1177 2502 1287 admodum aliquot Sedis Apostolice delegatorum Terras ipsas Regno Polonie adjudi
669 1223 2541 1330 cancium diffinitive sentencie Ineffallibili concludunt argumento Revoluentes insuper
572 1278 2547 1407 magistrum et ordinem Prussie a predecessoribus quondam nostris Polonie principibus et
661 1343 2607 1451 dominis ad impugnacionem infidelium accersitum institutum et dotatum magis fidelium
688 1391 2568 1506 et presertim eorum principum quorum beneficio instituti et dotati erant quam barba
669 1437 2514 1566 rorum et infidelium impugnacioni contra quos se indefesse militaturos patentibus
668 1491 2559 1643 litteris astrinxerant vaccavisse Terrasque eorum usurpasse nec juxta professionem reli
631 1549 2513 1691 gionis sue contra infideles Thartaros aut thurcos Thurcos katholica Regna et
672 1604 2580 1730 dominia infestantes quamvis eorum crebro expetitum fuisset auxilium militasse sed
684 1663 2580 1780 et insuper Reges Polonie cum Thataris aliisque infidelibus bella gerentes a tergo
532 1708 2559 1852 invasos a gerendo bello im presens et posterum cum infidelibus avertisse et suspicionem
692 1776 2628 1875 belli ab illis imminentis veritos potenciis distractis et contra illorum insidias relictis
547 1826 2562 1943 vaccare infidelium impugnacioni nullatenus sicut expediebat christiane fideii potuisse
632 1886 2497 1999 Quam insuper fragili et fluxa fide erga clarissimum Genitorem nostrum dominum
614 1935 2670 2059 Wladislaum Polonie Regem fuerunt quater per ipsos rupta violataque federa tociensque
532 1988 2635 2149 Regno Polonie per eos illata arma quibus Regnum Polonie in suam redigere dicionem
679 2048 2609 2173 destinaverant nisi cladibus multiplicibus obruti domitique fuissent nec umquam
685 2104 2605 2218 illis voluntatem nos et Regnum Polonie lacessendi sed facultatem defuisse petita per
692 2161 2529 2268 illos a Concilio Basiliensi et Sede Apostolica de rumpendo federe ultimo cum
617 2219 2528 2328 Regno nostro sanccito licencia demonstrant Silencio tegere non possumus injuriam
669 2265 2564 2386 magistri et ordinis Prussie in exigenda a mercatoribus subdicisque nostris Dacia
690 2330 2615 2459 funthczol que licet ex federe exigi a nostris transmarinisque mercatoribus non debebat
696 2382 2574 2514 si Prussie mercatores ab illa solvi quoquo contigisset Continuata tamen fuit pluribus
699 2435 2575 2553 annis hujusmodi In nostris transmarinisque mercatoribus exaccio Prussie mercatoribus
677 2492 2589 2611 illius obtinentibus in notabili parte relaxacionem Porciones insuper et sortes terrarum
616 2551 2641 2677 Regni nostre Polonie et ducatus Magni Lithwanie priscis temporibus per magistrum et ordinem
693 2612 2669 2729 occupate non solum nobis Regno Polonie et ducatui Magno Lithwanie juxta federis
684 2666 2631 2802 ordinacionem Magister et ordo Prussie restituit sed insuper plura et ampliora occupavit
588 2730 2511 2842 Accidit tristis horrendeque tirannidis memoria civium de Chosczno qui in
710 2774 2642 2905 preterito bello in fidem patris nostri concesserant sewa cedes et trucidacio quorum a se
694 2846 2556 2956 defeccionem nedum ferro aut mucrone sed nec aliquo levi verbo aut memoria ullo
523 2902 2595 3079 umquam tempore se juramento corporali litteris repromiserunt per fedus ultimo cum illis
656 2972 2657 3099 Ictum et quod solo hujusmodi execrando scelere publice violarunt mulctaturos
