1803 2634
298 220 1510 289 Incipit Repertorium seu tabula
264 328 1508 397 declaratoria contentorum in pre-
257 414 791 499 senti tractatu
364 526 742 603 De A
224 624 862 668 Adminitratores regni qui dicuntur.
278 679 539 708 ij. parte. $. iiij.
217 728 855 765 Adulteri regnum dei non posside-
276 784 727 811 bunt. eadem parte. $. iij.
224 823 863 860 Adulterij crimine damnatur quicquid
268 870 863 909 commissum fuerit extra matrimo
281 924 858 971 nium. Ibidem
220 973 794 1012 Ad regnum celorum via que sit.
283 1024 620 1068 vltima parte. $. v.
219 1069 860 1103 Afflictio populi dicitur podagra re-
278 1117 669 1147 ctoris. ij. parte. $. iij.
220 1155 868 1201 Alienans contra iura ipse idem potest
279 1210 722 1249 reuocare. iij. parte. $ x
225 1254 878 1295 Aliena res necessario est restituenda
288 1309 523 1339 vlti. parte. $. j
229 1357 860 1396 Aliena res fructifera cum fructibus est
288 1401 816 1444 restituenda. vlti. parte. $. ij. et. iij
220 1458 873 1499 Alienari prohibita impignorari etiam
290 1499 803 1543 prohibentur. iij. parte. $. vij.
231 1545 834 1587 Ambiciosi si non sunt promouendi.
284 1598 685 1629 ij. parte. $. viij et. ix. et. x.
222 1650 867 1686 Ambicio est graue peccatum. Ibidem
236 1694 819 1729 Anima quare est iuncta corpori.
290 1745 529 1775 e. parte $. iij
227 1795 854 1839 Anima auari vel ambiciosi quare sa-
295 1843 799 1883 ciari non potest. ij. parte. $. ix
236 1892 862 1931 Arma clericorum que sunt iij. parte. $. viij
236 1938 862 1977 Artes litterrarum rex non promouens
293 1984 759 2027 dicitur tyrannus. ij. parte. $. viij.
214 2027 867 2080 Auctoritas superioris requiritur in
279 2080 858 2133 alienationibus bonorum feuda-
947 533 1323 568 lium. ea. parte. $. iiij.
889 581 1529 623 Aureum seculum quod dicebatur. eadem
956 625 1180 666 parte. $. viij
914 671 1533 718 Auarus non est verus christianus.
962 724 1531 768 sed ydolatra quia auaricia est ydo
961 773 1501 829 lorum seruitus ea parte. $. iij.
1055 833 1396 901 De B
912 907 1523 964 Bella quare deus parmittit. ij. ꝑte. $ iij.
902 961 1538 1012 Bella seu certamina anime que sunt
964 1017 1137 1059 Ibidem
904 1059 1551 1105 Bellare clericis an liceat iij. parte. $
959 1105 1333 1155 viij. et vlti. parte. $. vj.
906 1155 1526 1207 Beneficia qualiter et quibus sunt con
964 1202 1511 1247 ferenda. ij parte $. viij. et. ix. et. x
912 1252 1526 1301 Beneficium curatum habere est pe-
952 1305 1492 1358 riculosissimum e par $ ix. et. xiij
902 1353 1536 1397 Beneficium an liceat petere ij. parte. $. ix
911 1405 1534 1451 Birgitta sancta quid dicit de regno.
958 1454 1183 1490 j. parte. $. iij
908 1504 1529 1549 Boni quare aliquando in presenti
956 1547 1418 1593 affliguntur ij. parte. $. iij
913 1593 1521 1639 Bona opera peccatum mortificat.
952 1641 1118 1676 Ibidem
900 1695 1543 1737 Bona alienari prohibita an prescribi
959 1743 1542 1783 possunt. z. parte. 1 2 3 4 5. et 6. $
908 1783 1532 1831 Bona eccl. sijs quare data sunt. iij.
967 1848 1542 1891 parte. $. ix. et parte vltima. $. etiam
952 1887 1105 1918 vltimo
919 1933 1529 1983 Bona ecclesiasticis surripientes quod
965 1985 1516 2025 peccatum incurrunt. iij. parte. $. ix
917 2025 1540 2088 Bona clericorum sunt exempta ab
900 2092 1538 2142 extra ordinarijs exactionibus vlti.
