1747 2627
500 282 1479 331 Pars. iiij. .$. vj
349 361 1611 406 quereret aliquis An princeps secularis possit hic facere ecclesiasticis per-
352 412 1618 450 sonis Respondetur que non. quia non sunt ipsius subditi. quibus nec ius quesitum
363 455 1623 505 auferre potest nec in eorum preiudicium quicquid statuere vt in. c. Que ecclesiarum. et
358 513 1614 540 c. Ecclesia sancte Marie de consti. nec ab eis telonea exigere vt in. c. Quamquam
342 545 1616 605 de censi. li. vj. et in cle. presenti. eo. ti. Unde Innocentius in. c. Nouit de iudici. et
354 608 1629 637 post eum Paulus de ca. xlv. consilio dicunt. nom potest princeps auferre ius quesitum
370 642 1620 698 non subdito suo etiam si erat quesitum per suam legem vel priuilegium. quia cum per eam sit ec
367 711 1605 743 clesie ius quesitum et illa non subest principi. non potest sibi predictum ius auferre
367 745 1612 794 Preterea bona clericorum sunt deputata publico vsui spirituali. xij. q. j. Ui-
365 796 1620 826 dentes. xvj. q. j. Quoniam. de preben. c. Ratio. et. l. Placet. C. de. epi et cle. Et
349 834 1618 895 omne quicquid ecclesie datur deo offertur et ad vsum sanctorum sacerdotum et pau-
354 902 1625 925 perum conceditur. xij. q. ij. Predia Hinc etiam dicit textus in. c. Nulli liceat ea. q.
378 927 1623 994 Que omne illud quod ecclesie consecratur siue fuerut animal siue ager sanctum san-
365 998 1625 1025 ctorum domino deo efficitur et ad ius pertinet sacerdotum propter quod inexcusabilis erit
369 1028 1621 1088 omnis que. que a domino et ecclesia cui competunt aufert etc. Non ergo demonstrat mundano vsui
365 1088 1618 1127 et publico deseruire. quia semel deo dedicatum ad humanos vsus transire non
356 1133 1621 1187 debet amplius vt dicit regula Semel deo de Re. iur. li. vj. Sed ad vsum pu
356 1194 1614 1212 blicum spirituale cui sunt deputata Nam et ius publicum veriatur in sacerdotibus
370 1223 1614 1277 et sacris. ff. de iustitia et iure. l. j. $. publicum ius in sacris. et. j. distin. Iuspu-
365 1281 1623 1317 blicum Ex quibus concluditur que possunt seculares pedagia vel telonea a personis
365 1318 1621 1367 ecclesiasticis exigere et exactiones extra ordinarias er superindicta in eis vel eorum
360 1382 1623 1414 bonis instituere Et est textus clarus etiam in. l. Placet. C. de Sacro. sanc. eccle.
365 1422 1620 1480 Et. l. Item nulla. C. de epi. et cle. vbi. dicitur Item nulla communitas vel persona pu-
365 1492 1625 1508 blica vel priuata collectas exactiones Angarias vel per angarias ecclesijs
370 1516 1623 1574 vel alijs partis locis aut ecclesiasticis personis imponant aut inuadere ec-
367 1576 1621 1606 clesiastica bona presumant. quod si fecerint et requisiti ab ecclesia vel imperio e-
368 1614 1623 1664 mendare contempserint triplum refundant et nihilominus banno imperiali
375 1675 1613 1708 subiaceant quod absque satisfactione debita nullatenus remittatur Hec ibi Ex
372 1720 1615 1770 quibus patet que etiam iminente necessitate clericorum et laycorum non tenentur clerici ai
372 1780 1626 1811 quid conferre Generaliter enim prohibetur in predictis legibus et iuribus ne quis au
367 1821 1631 1861 deat ab ecclesijs et personis ecclesiasticis exigere collectas exactiones etc. que
365 1866 1638 1905 omnia propter communem vtilitatem et defensionem reipublice in qua indubie includitur
372 1915 1636 1958 vtilitas ecclesie et clericorum. exiguuntur. alias deterioris conditionis essent sacer-
372 1968 1615 2000 dotes dei veri quam sacerdotes Belial et Pharaonis. que nedum ipsorum sacer
382 2003 1618 2049 dotum verum etiam terre eorum immunitatem seruabat vt patet Genesis. xlvij. vbi sic dicitur
370 2059 1630 2091 Emit Ioseph omnem terram Egypti vemdentibus singulis possessiones suas
358 2097 1630 2157 pre magnitudine famis subijecitque eam Pharaoni et cunctos populos eius
