1715 2632
480 273 1490 337 Pars. iiij. .$ vj
378 368 1622 411 et imminens necessitas publica nullo modo sine subsidio ecclesie reuelari
373 417 1631 448 possit. Respondetur que in hoc casu recurrendum est ad papam vt disponitur in. c
372 452 1626 505 Aduersus de immunitate ecclesie. Satis ergo clare manifestum est que imminente
373 512 1625 553 necessitate clericorum et secularium non tenentur clerici aliquid conferre nisi sponte
378 556 1623 606 velint approbante episcopo cum clero. et vbi secularium non suppetant facultates. Et
373 615 1625 645 hodie. per. d. c. Aduersus. non possunt clerici in hijs contribuere nisi Romano pon
376 653 1625 698 tifice. prius consulto. Et quamdiu secularium facultates suppetant non demonstrat ecclesie
379 713 1629 743 aliquid elargiri. ne subtrahantur bona vsui publico spirituali deputata Hinc tex. in
376 748 1626 801 cle. Quia contingit de re. domi. dicit que deputata certo vsui largitione fidei-
375 808 1617 840 lium non debent deputari ad alium vsum auctoritate Romani pontificis
370 844 1616 894 dumtaxat excepta. Uerum vbi tanta necessitas immineret que non posset sine aliorum
372 912 1622 941 scandalo et periculo haberi prius recursus ad papam dicit Panor. que suffi
391 951 1622 1003 ceret tunc deliberatio episcopi et clericorum in ea dumtaxat necessitate vel vtilitate
391 1006 1617 1043 que concerneret de directo er principaliter vtilitatem ecclesiarum et secularium. vt
376 1049 1622 1090 puta praua societas territorium ciuitatis incendit deuastat consumit in quo
379 1096 1625 1129 ecclesia habet multas possessiones. et tunc ecclesia deberet contribuere sed
386 1142 1633 1179 non ad solam deliberationem secularium. Unde pondera que cum ad hec onera. posses-
381 1186 1630 1228 siones non sint obligate. sed collecta est imponenda personis contemplatione
381 1240 1633 1290 rerum. Oportet que clerus et populus principaliter conueniant et deliberent super
381 1298 1638 1328 hac exactione redimenda. nec totius populi deliberatio habebit obligare
391 1337 1636 1380 clerum. nec econtra. cum enim agatur de vtilitate vtrorumque. Oportet vtrorumque con-
384 1397 1641 1427 sensum interuenire. quia quod omnes tangit debet ab omnibus comprobari vt in cle.
390 1429 1645 1478 j. de censi. et. c. Ad hoc. de offici archi. facit. quod in simili legitur. et non in. c. Pa
395 1493 1650 1521 storalis de rescrip. Et optime facit. c. fi. de ferijs. c. j. de censi. Ubi tex. in con
391 1533 1646 1570 cernentibus clerum et populum. etiam in actu concernente animam requirit consensum
388 1587 1630 1620 vtriusque. Dicit vlterius Panor. Fateor tamen que si clerus non vellet sine legitima
396 1633 1635 1669 causa consentire que populus poterit officium superioris ecclesiastici implorare
396 1682 1638 1717 vt compellat clerum ad consentiendum et contribuendum ar. bonum. in. c. Nullus
388 1719 1640 1779 de iurepa. Puto etiam. idem doctor dicit. que in hoc casu non habebit locum dis-
401 1783 1636 1809 positio. c. Aduersus vt Romanus pontifex prius consulatur. quia hec impenia
373 1818 1636 1873 est fienda non solum propter vtilitatem publicam. sed etiam propter vtilitatem priuatam bo
386 1875 1635 1910 norum ecclesie et sic sumus extra casum illius. c. Aduersus. facit cle. j. et. ij.
400 1915 1635 1964 de censi. Hec Panor. in d. c. Non minus. Ex quibus iam patet que extra ca-
388 1980 1635 2009 sum prescriptum ecclesia vna cum viris eccesiasticis nedum de iure canonico.
405 2012 1640 2062 Uerum etiam de iure ciuili est exempta ab omnibus collectis extra ordinarijs
401 2081 1652 2107 pedagogijs. theloneis etc. Sed quid de tributis ordinarijs rebus perpetuo
394 2121 1655 2165 annexis an ecclesia vel clerici teneantur ea soluere pro possessionibus extra
