1731 2619
478 284 1458 337 Pars. iij. .$. ix.
346 376 1590 403 quia et ad quem pertinet vltimi cura finis subdi debenti in. li. ad quos per-
328 420 1594 465 tinet cura antecedentium finium et eius imperio dirigi. Qui enim debet
337 474 1590 503 vti armis. imperat fabro qualia debeat facere arma. et quia finis iste est
330 514 1592 559 dignissimus scilicet consecutio celestis glorie. Ideo sacerdotium ecclesie est
344 576 1581 599 sublimius cuiusque potestati terrene. Quare etiam dicitur sanctum regale
339 605 1583 654 serdotium. cui omnes reges christiani populi oportet esse subiectos. sicut
342 666 1583 706 ipsi domino Ihesu christo. a quo hoc regale sacerdotium deriuatur nouus
333 712 1585 750 rex scilicet Christus nouum ordinem sue instituit familie. tanto siquidem est
333 757 1596 799 regimen sublimius. quanto ad finem altiorem ordinatur. Unde patet que in
333 801 1594 857 lege christi reges debent sacerdotibus esse subiecti. Quare mirabiliter di-
335 871 1599 897 uina prouidentia factum est. vt in Romana vrbe quam deus prouiderat
337 902 1599 951 christiani sacerdotij principalem sedem futuram. hic mos paulatim ino
337 958 1579 984 lesceret vt ciuitatis rectores sacerdotibus subderentur. Sed si christiana
339 995 1583 1047 religio principaliter esset instituta propter temporalia conquerenda. tunc
342 1060 1603 1089 reges essent proponendi sacerdotibus. sicut olim fiebant in veteri lege. et
324 1096 1592 1154 in paganismo. vbi cultus demonum tendebat ad illum finem vt tempo-
339 1160 1603 1185 ralibus bonis ditarentur. Hec sanctus Thomas. Bonauentura dicit in
339 1187 1603 1245 quarto scripto super Sententias que sancti spiritus ordinatione actum est
342 1252 1592 1281 vt ecclesia in temporalibus abundaret. quia pauci sunt tante perfectionis
335 1285 1592 1339 vt sine adminiculo temporalium onera ecclesiastica susciperent. et sic periret magna
333 1354 1594 1381 pars fidelium. eo que non esset qui administrarent spiritualia. Certum est enim
346 1383 1594 1441 que ecclesia possessiones suscipiente in tantum ipsa creuit. que fere vniuersum
348 1448 1610 1475 orbem terrarum fidelibus impleuerat. que vt cernimus propter peccata viceuersa
342 1481 1608 1537 minuitur. Sancta Birgitta mulierum deuotissima. li. iiij. c. lxxvj. scribit.
339 1544 1599 1575 Que beata virgo Maria hec verba sibi dixerit in quadam reuelatione. Ec-
337 1598 1582 1622 clesia dei primis temporibus pauper erat in temporalibus voluntarie. Pro-
337 1629 1581 1674 cessu vero temporis vt amici de feruentiores et expeditiores essent ad pre-
332 1691 1599 1723 dicandum verbum dei. et vt sciretur que non diuitie male sint. sed abusus earum Ideo
344 1728 1599 1777 sub Siluestro. et alijs bona temporalia ecclesie data sunt. que viri sancti ad solam
342 1790 1591 1809 necessitatem suam et amicorum dei et pauperum sustentationem dispensabant
352 1825 1591 1869 Ergo tales scito. amicos dei qui contentantur de dispositione dei et ipse
352 1883 1584 1913 videt eos Hec illa. Dicunt etiam doctores que nedum temporalem sustentationem
326 1921 1585 1976 necessarium fuit ecclesiasticos habere. sed etiam temporalem iurisditionem. Nec enim decuit
334 1990 1603 2016 vt prelatus potestate spirituali preditus potestatem temporalem cui imperet ab
337 2034 1591 2060 alio mendicet. Sed propriam eam possideat et infra. Hec omnia firmissime pro-
339 2078 1582 2106 bantur ex legendis et dictis sanctorum patrum que temporalia dominia et possessiones
338 2120 1592 2157 terrenas latissimas iuste habuerunt. Quis enim audeat hoc dicere. que tot
