1727 2636
331 229 1570 323 Pro hijs tamen omnibus sequitur
335 340 1574 426 nunc quedam compendiosa admo-
331 447 1574 517 nitio et concitatio ac prouocatio
327 533 1578 616 omnium fidelium Christianorum
360 636 1566 702 Et specialiter Serenissimi regis
331 710 1566 793 Polonie. necnon omnium nobi-
348 805 1574 879 lissimorum dominorum et rectorum re-
327 887 1570 974 gni prefati vt assurgant contra scis-
344 990 1570 1064 maticos vel hereticos. et paganos
335 1103 1583 1149 ☞ Hec huius presentis compendij contenta Serenissime domine rex. Hec et vos
337 1155 1585 1199 omnes et incliti et illustres domini ac vniuersi regni Polonie rectores ex diueris
337 1208 1591 1247 librorum voluminibus in vnum collegi compendium. vt: regno reformato et in pri-
331 1256 1591 1306 stinum reposito statum: accendatis animos vestros et insurgatis in truculentissimos
327 1306 1581 1337 christiani nominis hostes. Nolite o preclarissimi domini vel ociari vel pigritari
331 1343 1577 1395 vos contra eos erigere vos eis opponere. vestra super so sacuere arma huc usque
333 1395 1575 1435 vt fecistis. Non enim vobis inferent minora supplicia. et rerum vestrarum non minores
331 1439 1577 1487 concedent rapinas aut stupra minora ante oculos et filiarum et vxorum vestrarum po
331 1487 1583 1527 nent quam in ceteros christianos effecerint si eis vt huc usque factum est locum tyra
333 1535 1583 1575 nisationis eorum dederitis atque triumphos. sine potenti resistentia et obstaculo
331 1587 1591 1633 pigritantes concesseritis. Cur igitur in iram et furorem contra hostes vestros non insurgitis
339 1635 1591 1683 cur moramini vltionem christiane fidei et sanguinis christianorum. Cur ocia-
337 1690 1587 1727 mini cur pigritamini. cur eis obstacula. vt tenemini. non opponitis. Cur ve
325 1734 1587 1782 stra super eos. necesse vt est non acuitis arma. forte terret vos frequens eorum vi-
325 1782 1591 1828 ctoria. An haud vos lateat quod ait Tullius in questi. Tusculanis dicens facile
327 1832 1592 1873 est vincere non repugnantes. Et preserti diuina transgredientes precepta. Contra enim ta-
325 1876 1591 1919 les tamquam contra feminas pugnant. Nunc vero cum veris christianis diuinis obedien-
329 1924 1583 1971 tibus preceptis. tamquam cum viris fortibus quam et animosis. ipsis et conferendum est et con
329 1976 1591 2013 certandum ac preliandum Sed formidatis forte diuitias eorum. signanter Moscoui-
327 2020 1592 2074 tarum vel Thurcorum. immanes. Eya agite vos milites christi in ille potius vos
335 2074 1585 2109 accendant. quoniam iniuste eas detinent. ideo iuste a vobis tamquam filijs et veris christia-
325 2120 1583 2172 nis possidebuntur illis auferendo. At forte multitudinem exercitus et apparatus
