2048 2732
768 159 1036 256 Folio. xii.
176 304 892 352 posuit supra sepulcrum beati Petri a-
179 360 895 405 postoli petens errata corrigi et que de-
174 410 898 456 ficerent in ea suppleri. die tandem qua-
168 466 892 509 dragesima beatus Petrus illi apparens
166 517 895 554 dixit legi et emendavi. unde vidit in ea
174 564 895 604 aliqua manu apostoli emendata et ali-
174 615 460 660 qua suppleta
335 694 765 737 Quarto divisio
168 822 868 856 Fuit per Achacium Constantinopoli
171 867 898 909 tanum episcopum in orientalibus Ec-
166 928 887 967 clesiis concitata. tempore Simplicii pape et
176 967 882 1023 Zenonis imperatoris. Anno domini
176 1026 876 1068 quadringentesimo septuagesimo. Cui
174 1074 879 1129 divisioni Sectio in Alexandrina ecclesia
168 1129 882 1188 occasionem comprestitit. in qua sede va-
166 1193 895 1241 cante catholici suum elegerunt Episcopum
174 1251 874 1291 nomine Thimotheum fasciolum. et here
171 1304 887 1347 tici suum etiam nomine Thimotheum Elurum
168 1349 887 1392 qui dum vix. anno uno viveret substi-
163 1394 874 1445 tuerunt ei alterum scilicet Petrum Mon
174 1445 874 1506 gium Achatius tandem ingratus primum
160 1503 876 1554 de Petro Mongio a papa Simplicio
166 1559 876 1612 litteris optinuit. ut nullo modo Petri Mongii
166 1612 876 1673 sessioni consentiret. Sed potius aucto
161 1675 875 1711 ritatem ei conferret ad eiciendum eum
151 1723 880 1769 de sede tanquam hereticum. qua concessa usus
155 1772 869 1808 suffragio et postestate Imperatoris pe
155 1819 880 1873 trum Mongium eiecit et solum Thi-
161 1879 872 1918 moteum fasciolum catholicum in sede reli-
166 1933 878 1977 quit. quo brevi mortuo clerus Ioannem
164 1980 883 2024 Catholicum virum elegit in episcopum
164 2033 883 2086 Et quia consuetum fuerat episcopis no-
164 2094 883 2141 viter confirmatis pape et patriarchis
152 2147 883 2200 ac coepiscopis suis litteras Sinodales
954 299 1666 336 mox mittere. et in eis fidem profiteri Io-
950 344 1659 400 annes facta suorum Sinodo. Ex ea pape
946 406 1665 451 litteras Sinodales misit. Misit insuper
936 459 1659 498 antioceno et Hierosolimitano episco-
939 508 1663 553 pis miserat non minus et Achacio Con
944 563 1659 607 stantinopolitano que neglectu nuncii
950 613 1659 659 reddite sibi non fuerunt. Ille vero despe
930 664 1660 715 ctum huiusmodi ad iniuriam sibi referens
936 716 1669 769 cum Petro Mongio a se deposito. tunc
935 771 1669 814 Constantinopoli presente convenit con-
952 825 1670 872 coliatoque imperatore voto suo Ioannem
939 875 1669 914 ipsum de sede repulit et Petrum Mogium
940 931 1671 977 restituit. epulit et Antiocenum episcopum et he
946 983 1671 1031 reticum quendam Petrum nomine in sua sede sub
941 1038 1655 1089 stituit. Que et fecit patriarche Hieroso-
940 1098 1656 1144 lomitano. Et sic omnes ecclesias orien-
940 1147 1652 1196 tales suis fautoribus occupavit et re-
929 1199 1656 1235 belles fecit Romano ponitifici et quamvis
940 1238 1673 1289 in tali sectione papa plures illi miserit
949 1296 1664 1344 Episolas corripuitque eum de temeritate.
951 1354 1662 1399 et ille nihili diceret omnia. deposuit eum
940 1412 1655 1458 Ille vero nihilominus Constantinopo
940 1464 1655 1510 litanam sedem imparatoris favore et pre
938 1513 1652 1547 sidio occupabat diutius. quo deinde mor
937 1559 1658 1614 tuo flavitus in episcopum Constantinopoli
934 1623 1659 1664 tanum electus noluit nisi de approbatione
934 1678 1671 1719 pape in sede residere. quo unico anno se-
938 1731 1667 1767 dente Eufemianus electus. cum simili con-
933 1784 1652 1818 sensu pape petito. sedem accepit et annis
943 1828 1661 1886 sex in ea sedit. donec ab Anastasio Im-
951 1896 1656 1930 peratore heretico. qui Zenoni successerat
944 1945 1659 1989 deponeretur. Cui Macedonium substi
939 1993 1656 2033 tuit nequiciarum omnium sentinam scripturarum
939 2037 1667 2091 falsificatorem quo deposito post annos tres
926 2098 1667 2135 r Thimotheus hereticus surrogatur
941 2149 1657 2201 in sedem. qui divinam naturam in christo
