2048 2732
806 183 1126 255 Folio. xxxi.
219 315 937 366 Ambrosius dicit super illo apostoli prime ad
213 370 935 413 Chorin. vii. que si infidelis discedit disce-
225 426 939 475 dat et habetur idem in Glo. ad Ro. vii. et
209 489 939 524 magister allegat ubi supra b Que
225 534 925 577 creatoris contumelia id est infidelitas
223 586 946 623 soluit ius matrimonii. Tale tamen matri-
225 625 946 699 monium contractum et consumatum inter eos
215 701 948 738 quorum alter fidelis est et alter infidelis
203 752 937 795 licet sacramentum fidei videatur habere
209 809 939 848 Infidelis tamen habet carentiam fidei c
240 853 942 906 Periculosum est matrimonium cum Scis-
227 908 958 953 matica ut deducit Albertus triplici re-
215 955 958 1011 spectu. dis 39. quarti primo quia dissipat
209 1015 952 1064 fundamentum omnis boni sacramentorum
223 1082 956 1109 et per hoc non placet deo quia sine fide est
207 1123 946 1171 credendorum et precipue ubi signa sunt
205 1175 942 1204 contemptus sacramentorum Ecclesie et
213 1220 933 1284 eorum que in ea geruntur cum ritu derisio.
201 1302 952 1327 que infidelitas est nocentissima et omnia
213 1337 950 1384 viciorum sententia. dicit enim beatus Augustinus
207 1392 953 1435 ad polentium. et habentur verba in canone
207 1435 952 1486 28. q. i. c. sic enim d Infidelitas est
209 1497 944 1540 peccatum quo cetera omnia peccata tenentur.
216 1540 944 1596 Secundo contraria bono prolis. Nam quo
216 1618 967 1646 ad alterum parentem non suscipitur in timore
215 1656 961 1706 et pietate Christi quia sine charitate ad
215 1717 948 1745 unionem matris ecclesie. Nam fidem rectam
220 1749 939 1812 non servans ad Christum et eius ecclesiam
220 1823 942 1861 cuius preceptis convenit numquam fidem ser
218 1874 944 1932 vare poterit ad hominem. 297. non potest
210 1936 955 1977 Tercio que bona omnia talis matrimonii
222 1978 951 2024 sunt imperfecta et cum peccato imper-
218 2038 943 2073 fecta quidem quia non signant represen-
213 2075 946 2136 tationem sacramenti quod signat unionem dei
229 2151 960 2179 et anime vel divine et humane nature in
235 2194 955 2250 Christo. non ergo dicunt simpliciter in
987 312 1721 359 coniunctionem fidelis anime cum deo que fit
986 361 1719 410 per fidem perfecta seu formatam. que facit personam
986 417 1721 474 legittimam matrimonio ratione eius articuli
989 474 1723 521 qui est vitam eternam quia vita eterna est
993 528 1715 570 in coniunctione anime cum deo quam unionem
993 583 1732 634 signat ratum et legittimum matrimonium
991 638 1721 681 Nam dicit Ambro. libro. de patriarch. et
991 687 1715 728 habetur. 27. q. 2. c. in omni. que in omni ma-
984 734 1715 794 trimonio legittimo coniunctio intelligitur
1003 796 1711 851 Spiritualis quam confirmat et perficit coniun
995 854 1711 900 ctorum commixto corporalis. sed que sit cum
993 913 1717 958 peccato e Quia omnis actio infidelium
972 968 1713 1007 peccatum est id est non est meritoria dicente apostolo
974 1015 1724 1060 omne quod non est ex fide peccatum est ut habetur.
989 1062 1724 1116 28. q. i. c. omnis. $. ex his nec placet deo
989 1120 1717 1171 quia ubi deest agnitio vere et eterne ve-
989 1173 1719 1224 ritatis falsa est virtus. vt Augustinus. dicit etiam
987 1235 1719 1277 in optimis moribus ut in eodem canone
995 1279 1719 1326 scribitur f Item matrimonium institutum
996 1333 1721 1381 est. in officium remedium. et sacramentum pro
991 1384 1714 1420 ut doctores determinant in quarto. dis.
987 1434 1705 1489 39. officium propter prolis procreationem le-
1001 1492 1715 1539 gittime ad cultum dei quomodo in tali dispari-
986 1549 1703 1588 tate rituum et sub inobedientia ecclesiastica
986 1599 1715 1641 potest esse procreatio prolis ad cultum
989 1650 1709 1696 veri dei cum potius dicendum est que fit in con
991 1713 1710 1756 tumeliam Christi cuius preceptis contravenitur
987 1765 1712 1808 per alterum coniugem in fidelitate pertinacem in
987 1814 1727 1861 remedium vero et excusat a culpa
989 1866 1719 1917 mortali ubi datur gratia remittens concu-
996 1926 1710 1972 piscentiam ratione benedictionis adiuncte.
984 1982 1724 2020 sed in tali matrimonio non est vera pudi-
1001 2030 1721 2068 citia. ut dicit Bonaven. ubi supra quia
997 2083 1707 2125 non habet verum et proprium effectum virtutis
994 2138 1722 2178 non enim preservat a culpa nec confert gratiam
1003 2181 1719 2239 que remittit concupiscentiam fideles enim coniu-
1563 2248 1651 2283 f
