2177 2783
843 129 1709 230 Tractatus Tertius
477 266 1215 329 suscipientis ab originali peccato. tantum enim
478 331 1217 367 valet baptiso te. in. abluo te. nam sacramenta
482 382 1217 434 efficiunt quod figurant. et tam efficacia quam si-
478 437 1219 476 gnificantia attribuitur forme Porro persone
475 481 1210 540 baptisantis expressio in pronomine ego
462 548 1212 577 non est de necessitate Sacramenti et de
473 595 1219 652 forma eius. est tamen de constitutione Ec-
467 652 1219 687 clesie. ut Albertus dicit. et de necessitate
473 696 1217 742 precepti unde obmittens illud peccat
475 753 1214 798 mortaliter. quia consuetudo ecclesie ut lex
475 809 1212 854 vel statutum ligat ministrum. Sed non eva-
473 860 1212 904 cuat sacramentum. non obstanti que eum glo.
473 910 1212 970 excuset in. c. multi. de conse. dis. quarta. in
464 976 1206 1014 eo vero que dicitur In nomine. li. nomine. teste
460 1024 1208 1075 Alberto ubi supra dicit essentiam natam
458 1081 1206 1119 se reddere in effectu gratie quem effectum
456 1128 1201 1176 indivisibiliter operantur tres persone.
473 1182 1201 1213 Supponit itaque. li nomine essentiam di=
455 1237 1203 1281 vinam sub isto modo significandi. amen
464 1296 1205 1335 appositum forme sacramenti nec est de sub-
460 1343 1203 1400 stantia forme Sacramenti. nec de necessi
464 1404 1203 1441 tate precepti. nisi ubi consuetudo par-
459 1461 1190 1499 ticularis hoc habet qui utilis consuetudo
460 1506 1192 1552 hoc non habet. nec est de forma christi
468 1560 1184 1612 ubi vero habet Ecclesia non debet ob-
459 1625 1183 1653 mitti. Quare sequitur secundum Pe. de pa. Si ali
468 1675 1194 1725 quis ter mergens aut fundens dicent In
464 1736 1199 1771 nomine patris et filii et spiritus sancti.
462 1775 1196 1818 et crederet in sola Trinitatis invocatione
447 1827 1197 1877 totam essentie baptismi formam consistere
447 1879 1190 1942 aliis verbis que sunt de forma et neces-
460 1944 1192 1974 sitate Sacramenti obmissis. non esset sa
460 1989 1186 2046 cramentum. secundum que superius dictum est
457 2048 1188 2078 et Iuxta canonem Alexandri pape qui dicit
460 2093 1184 2154 non est baptismus illud lavacrum quo ali
455 2165 1186 2204 quis in nomine patris et filii et spiritus
1271 282 2017 334 sancti nihil addendo baptisatur. et Albertus
1274 334 2017 381 dicit ibidem circa dis. terciam quarti. Quod
1274 393 2012 444 aliud est de forma secundum statutum ecclesie
1267 456 2012 494 Et aliud secundum institutionem Christi. secundum
1269 503 2013 550 statutum ecclesie. Si violatur aliquid existens
1269 560 2010 589 de forma ut servatur institutio divina.
1271 601 2023 656 peccat baptisans velud dictum est censione
1266 658 2022 709 severiori castigandus. Sed baptisatus
1271 716 2013 768 vel baptisandus non est soli baptisanti
1262 773 2015 808 criminale est. Ex his liquere debet. que sa
1266 820 1998 864 cramentum baptismi quod necessitatis Sa
1262 871 2003 915 cramentum est. diligenter ministrari debet
1261 926 2013 977 et sollicita cautela circa ipsum habenda
1261 979 2007 1023 exigitur. velud declarat Albertus ubi supra
1272 1031 1998 1087 In cuius collatione seu ministerio. no-
1263 1096 2003 1141 luit apostolus ut aliquid diversitatis ac dif
1249 1146 1992 1196 formitatis interveniret unquam. dum Ephe
1246 1205 1995 1251 siis scribens. quarto capitulo diceret unus
1257 1251 1983 1294 dominus una fides unum baptisma. in. sub uni-
1254 1304 1996 1354 tate forme ecclesie tribuatur et in unitate in
1252 1359 1992 1406 terius baptisantis christi Christus enim
1249 1414 1995 1457 baptisat interius etiam quicunque baptiset
1263 1463 1992 1506 exterius. bonus vel malus minister. nam
1272 1511 1981 1561 dicit Augustinus super Ioannem. quid facit
1231 1574 1979 1613 ibi minister malus ubi bonus est dominus
1271 1627 1637 1656 quasi diceret nihil
1263 1699 1969 1746 ¶ Capitulum quartum
1248 1750 1990 1815 de baptismo Grecorum et
1242 1841 1595 1894 forma eius.
1245 1898 2001 1939 Greci ut ecclesie caput sibi usurpent et
1232 1949 1980 1995 se fastu et ambitione iactent apostolorum
1238 2002 1986 2056 veros esse sectatores Ecclesiam primitivam
1245 2064 1986 2103 in ritu baptismatis sui representari falso
1245 2113 1988 2169 estimant et predicant nolentes cum ec
1238 2169 1974 2200 clesia latina eadem forma convenire sim-
