2177 2783
767 139 1653 230 Tractatus Tertius
495 276 1246 331 habentes illud. propter quod est lata. tum
495 328 1246 378 etiam non habentes r Unde lex baptismi
492 380 1227 430 et si contra originale institutum sit tamen et
477 448 1217 471 est lata generaliter Ioannis tertio. nisi
485 482 1227 541 quis renatus fuerit. etcetera Ideo omnes ob
492 541 1225 585 ligat et iustificatos in utero vel flamine
479 606 1220 645 penitentie et non iustificatos. Item ba
485 656 1209 697 ptismos etiam exconsequenti institutus
482 715 1230 767 est ad discretionem fidelium ab infidelibus.
479 767 1230 806 eius susceptione in Ecclesia militanti-
477 809 1217 876 Ideo ut in iudicio eiusdem Ecclesie nu
487 879 1217 910 merentur inter fideles. iustificati tenentur
485 926 1220 980 ad sacramentum baptismi fluminis. et
466 983 1220 1011 ut dicit Albertus in tercio circa dis. ter-
477 1037 1202 1087 ciam. et in scripto quarti circa dis. vi. que
464 1092 1204 1141 licet gratia sanctificationis simpliciter
474 1144 1212 1196 maior sit quam baptismi. quia plus debilitat
482 1204 1194 1237 fomitem. Gratia tamen baptismalis
469 1258 1217 1305 secundum hoc maior est quia imprimit ca-
464 1310 1217 1352 ractarem signum discretionis. Idem dicit
464 1362 1202 1419 circa dis. quartam quarti. talis afflatus in
472 1424 1202 1453 conversione seu penitentia. peccatorum
477 1469 1204 1513 remissionem inducit ubi articulus necessi
464 1533 1209 1562 tatis. non contentus religionis sacramentum
461 1575 1202 1624 excludit s Baptismus vero san-
468 1634 1202 1691 guinis in martirio suscipitur qui ut dicit
468 1698 1205 1724 Albertus ubi supra in hoc meliorem que
480 1731 1193 1790 non inquinatur secundis sordibus. et quia ad-
463 1799 1198 1828 ducit meritum aureole et radit falce acer-
482 1835 1209 1891 bitatis adherentiam venialium quorum nullum
475 1901 1205 1943 necessario facit baptismus aque. sed non
480 1950 1200 2012 in hoc que imprimit caracterem quia ille de
459 2021 1198 2040 betur invocationi Trinitatis in elemento
468 2066 1183 2102 aque t Solus ergo baptismus fluminis sacra
444 2106 1188 2151 mentum est et imprimit Caracterem non alii.
449 2184 1183 2257 Capitulum tertium de for-
1294 299 2006 361 ma baptismi primo aposto
1294 383 1985 443 lorum Secundo ecclesie latine.
1272 460 2015 486 His itaque premissis Sciendum que si non ser
1276 507 2008 544 vatur ritus ecclesie secundum materiam et formam
1270 554 2008 604 eius in hoc et in aliis Sacramentis sa-
1268 623 2006 651 cramentum non est. quia velud dictum est
1266 664 2006 720 accedente verbo ad elementum fit sacra-
1259 724 2006 767 mentum. dicit enim. Albertus in quarto circa dis.
1259 767 2013 818 primam Hugonem allegans. que non confertur
1257 821 2013 866 invisibilis gratia nisi ex institutione signi
1259 881 1998 924 et sanctificatione verbi. et iustificatio ex o-
1259 936 1993 971 pere operato. unde et in hac parte tercia tra-
1264 986 2011 1039 ctatus totius de duobus sacramentis prin
1261 1039 1998 1080 cipalis restat determinatio. que dispariter
1261 1095 1996 1145 latina seu occidentalis et orientalis dis-
1244 1149 1998 1198 pensat ecclesia. Quantum igitur ad latine seu Ec
1250 1207 2003 1258 clesie Romane ritum pertinet nunc dicetur et
1244 1261 2005 1310 primo v De baptismi forma. Si
1254 1322 1991 1361 quidem in ecclesia primitiva apud apostolos specialiter
1261 1363 1999 1412 forma ex causa legittima servata fuit et per eos
1263 1418 1985 1466 instituta ut quisque. in unius persone Christi
1250 1478 1985 1511 noimine baptisaretur. ut scribitur Actuum secundo
1250 1527 2007 1574 quarto octavo et decimo capitulis. hac ne
1250 1580 2005 1622 cessitate provocati fecerunt apostoli. Sicut dicit
1246 1636 1989 1687 Albertus in quarto dis. tercia. et dum vidissent
1259 1693 1991 1732 hoc nomen Christus salutare. fuisse iudeis
1255 1751 1976 1794 Exosum iuxta illud primo. ad Chorin. i.
1234 1796 1977 1841 nos predicamus Christum crucifixun. iudeis
1240 1851 1983 1894 quidem scandalum. etcetera in ergo nomine oportet omnem ho
1242 1905 1985 1941 minem salvum fieri. cernentesque spiritum sanctum vi-
1248 1956 1981 2009 sibiliter descendere ad invocationem eius nominis
1240 2009 1981 2048 ut igitur cunctis nomen hoc venerabile et ama-
1238 2058 1979 2112 bile monstraretur. voluit spiritus sanctus ut in illo
1240 2120 1977 2153 nomine baptisarentur ad tempus ex eius dispensatione
1250 2173 1968 2222 donec nocius nomen ipsum Christus magisque
