1746 2679
132 161 1238 259 Posteriorum Fo. XCVIII
120 253 1229 348 eadem est ei que fit per proprium medium Si vero non per proprium medium
109 344 1240 445 fiat sylogismus cum d que sub a sit medium. in b autem nullo est. Necesse
114 441 1227 542 est utrasque esse falsas Recipiende enim utique sunt contrario quam se habent
118 542 1227 638 propositiones si debeat fieri sylogismus sic enim accepte utreque false fiunt
121 628 1211 731 ut si a quidem in toto d est. dant in nullo b. conversis enim sylogismus
121 724 1237 828 quidem erit et propositiones utreque false. Cum vero non sit sub a me
128 819 1231 925 dium ut d que quidem est a d vera erit que vero d b falsa quia si
118 913 1237 1021 esset vera et conclusio esset vera. sed erat falsa Sed per mediam
115 1006 1249 1120 figuram facta deceptione utrasque quidem non contingit falsas esse
128 1110 1243 1215 propositiones totas Cum sit b sub a nihil quidem contingit in hoc
128 1203 1251 1313 quod omni in illo vero nullo esse. sicut dictum est prius. Altera ve
124 1289 1245 1406 ro potest esse falsa et quecunque contingit. Si enim e et in a et in
122 1385 1245 1503 b est si accipiatur in a quidem esse. in b vero non esse que quidem a c
118 1474 1249 1595 vera erit altera autem falsa Iterum si in b accipiatur esse c. In a
123 1571 1241 1692 autem nullo que quidem est c b vera erit altera autem falsa. Si qui-
129 1663 1251 1784 dem igitur fit privativus sylogismus dictum est quando et que
129 1760 1241 1881 erit deceptio. Si vero sit affirmativus tunc per proprium medium
124 1872 1243 1966 impossibile est utrasque esse falsas Necesse est nim que est b c mane
1102 1968 1246 2005 TT iii
