1746 2672
103 136 813 277 Posteriorum Fo. XCIX
97 256 1235 371 sunt secundum partem. Impossibile atem est universalia speculari et nisi per inductionem
111 369 1224 464 quam et que ex abstractioe dicimus est per inductiones nota facere que insunt
108 455 1224 568 in unoquoque genere quidam et si non separabilia sunt secundum unumquodque homini
111 547 1215 659 est Inducere enim non habentes sensum impossibile est singularium scientiam
120 650 1192 754 Neque enim universalibus est sine inductione neque per inductionem sine sensu.
115 700 1212 792 ¶ Utrum deficiente in nobis aliquo sensu necesse sit deficere scientiam de
121 740 1212 837 sensibilibus illius sensus. Pro intellectione huius questionis mote: Notandum
114 785 1215 881 est primo Que postquam aristo. determinavit de sylogismo generante scientiam.
123 831 1223 927 Iam consequenter determinat de sylogismo falsigrapho que generat ignorantiam que
120 872 1221 966 dicitur paralogismus discipline. In primis ergo aristoteles ponit aliquas
121 917 1218 1012 distinctones Prima Ignorantia est duplex. scilicet negatiois et dispositionis
127 963 1221 1053 Ignorantia negatonis est carentia notitie alicuius rei ignorantie rustici de
121 1006 1218 1098 geometria. Rusticus enim nihil scit de principiis geometrie. Ignorantia
123 1046 1220 1141 autem dispositionis est deceptio facta per sylogismum sicut est ignorantia ali-
120 1089 1215 1184 cuius qui credit que dyameter esset immensurabilis coste. sic arguendo omnes
126 1132 1220 1226 quantitates sunt adinvicem commensurabiles. sed costa et dyameter sunt
124 1175 1220 1275 quantitates. igitur dyameter et coste sunt commensurabiles. Maior est fal
120 1215 1212 1321 sa non mirum que et conclusio. Secunda distinctio quam aristo. ponit est hec Ig-
126 1263 1221 1361 norantia dispositionis est duplex. Una est circa propositiones immediatas ut
124 1306 1221 1405 est ignorantia illius que credit vel opinatur que non omne totum est maius sua
126 1352 1221 1450 parte. Alia est circa propositiones mediatas ut est ignorantia illius qui credit
118 1393 1221 1493 non omnem triangulum habere tres angulos vel illius qui opinaretur que non
120 1435 1221 1533 omnis hoc esset risibilis. Tertia distinctio est ista duplex est ignoran-
123 1478 1218 1573 tia dispositionis. tam circa mediata quam circa immediata. Una est affirma-
120 1524 1221 1621 tiva qua creditur esse quod non est. ut est ignorantia que creditur que extra
126 1566 1226 1667 mundum sic vacuum. Alia est negativa qua creditur non esse quod est. ut est
129 1612 1221 1710 ignorantia que creditur mundum non esse finitum. Quarta distinctio duplex
121 1652 1227 1757 est ignorantia dispositionis tam affirmative quam negative quedam dicitur simplex
120 1698 1218 1800 et quedam sylogistica Ignorantia dispositionis simplex est deceptio que non
121 1742 1221 1846 fit per augmentationem et dicit aristoteles que talis ignorantia fit uno modo
120 1782 1230 1885 scilicet concedendo falsum vel negando verum. Alia est ignorantia sylogisti
124 1828 1224 1943 ca que fit per sylogismum et illa fit pluribus modis secundum que sylogisationes
115 1862 515 2076 sunt multe et de istis dicetur inferius.
1061 1931 1232 2072 TT iiii
