<?xml version="1.0" encoding="UTF-8" standalone="no"?><PcGts xmlns:xsi="http://www.w3.org/2001/XMLSchema-instance" xsi:schemaLocation="http://schema.primaresearch.org/PAGE/gts/pagecontent/2019-07-15 http://schema.primaresearch.org/PAGE/gts/pagecontent/2019-07-15/pagecontent.xsd" xmlns="http://schema.primaresearch.org/PAGE/gts/pagecontent/2019-07-15"><Metadata><Creator>prov=University of Rostock/Institute of Mathematics/CITlab|PLANET AI GmbH/Tobias Gruening/tobias.gruening@planet-ai.de:name=/net_tf/LA73_249_0mod360.pb:de.uros.citlab.segmentation.CITlab_LA_ML:v=2.6.7
Transkribus</Creator><Created>2022-03-28T11:47:28</Created><LastChange>2022-12-12T16:15:40</LastChange><Comments/></Metadata><Page imageFilename="GLOG_AnPost-0239.jpg" imageHeight="2631" imageWidth="1740"><ReadingOrder><OrderedGroup caption="Regions reading order" id="ro_1670858140645"><RegionRefIndexed index="0" regionRef="TextRegion_1651947454707_762"/><RegionRefIndexed index="1" regionRef="TextRegion_1651947460452_768"/><RegionRefIndexed index="2" regionRef="TextRegion_1651947465004_774"/><RegionRefIndexed index="3" regionRef="TextRegion_1651947465004_773"/></OrderedGroup></ReadingOrder><TextRegion custom="readingOrder {index:0;} structure {type:header;}" id="TextRegion_1651947454707_762" orientation="0.0" type="header"><Coords points="87,199 1196,199 1196,250 87,250"/><TextLine custom="readingOrder {index:0;}" id="line_1652012762064_342"><Coords points="148,199 759,204 1194,226 1194,257 1066,258 989,258 457,251 379,248 354,247 302,244 276,242 173,233 148,230"/><Baseline points="148,220 173,223 199,225 225,227 251,229 276,232 302,234 328,235 354,237 379,238 405,239 431,240 457,241 482,241 508,241 534,241 560,241 759,225 784,230 810,234 835,238 861,241 886,244 912,246 938,247 963,247 989,248 1014,248 1040,248 1066,248 1091,247 1117,247 1142,247 1168,247 1194,247"/><TextEquiv><Unicode>Posterioru~ Fo. CXVII</Unicode></TextEquiv></TextLine><TextEquiv><Unicode>Posterioru~ Fo. CXVII</Unicode></TextEquiv></TextRegion><TextRegion custom="readingOrder {index:1;} structure {type:paragraph;}" id="TextRegion_1651947460452_768" orientation="0.0" type="paragraph"><Coords points="87,250 1196,250 1196,534 87,534"/><TextLine custom="readingOrder {index:0;}" id="r1l3"><Coords points="94,283 149,293 204,301 259,307 314,313 369,317 424,319 479,321 534,323 589,323 645,323 700,323 755,323 810,322 865,322 920,322 975,322 1030,323 1085,324 1140,326 1196,329 1196,298 1140,295 1085,293 1030,292 975,291 920,291 865,291 810,291 755,292 700,292 645,292 589,292 534,292 479,290 424,288 369,286 314,282 259,276 204,270 149,262 94,252"/><Baseline points="94,273 149,283 204,291 259,297 314,303 369,307 424,309 479,311 534,313 589,313 645,313 700,313 755,313 810,312 865,312 920,312 975,312 1030,313 1085,314 1140,316 1196,319"/><TextEquiv><Unicode>probat que demonstratio universalis plus elongat ab errore quam demonstratio par</Unicode></TextEquiv></TextLine><TextLine custom="readingOrder {index:1;}" id="r1l4"><Coords points="101,328 155,338 210,345 264,351 319,356 374,360 428,363 483,365 537,366 592,367 647,367 701,367 756,367 810,366 865,366 920,366 974,366 1029,366 1083,368 1138,370 1193,372 1193,341 1138,339 1083,337 1029,335 974,335 920,335 865,335 810,335 756,336 701,336 647,336 592,336 537,335 483,334 428,332 374,329 319,325 264,320 210,314 155,307 101,297"/><Baseline points="101,318 155,328 210,335 264,341 319,346 374,350 428,353 483,355 537,356 592,357 647,357 701,357 756,357 810,356 865,356 920,356 974,356 1029,356 1083,358 1138,360 1193,362"/><TextEquiv><Unicode>ticularis et arguit. Demonstratio universalis facit scire secundum que homini. particula</Unicode></TextEquiv></TextLine><TextLine custom="readingOrder {index:2;}" id="r1l5"><Coords points="97,370 151,380 206,389 260,395 315,400 370,405 424,408 479,410 533,411 588,412 643,412 697,412 752,411 806,411 861,410 916,410 970,410 1025,410 1079,411 1134,412 1189,415 1189,384 1134,381 1079,380 1025,379 970,379 916,379 861,379 806,380 752,380 697,381 643,381 588,381 533,380 479,379 424,377 370,374 315,369 260,364 206,358 151,349 97,339"/><Baseline points="97,360 151,370 206,379 260,385 315,390 370,395 424,398 479,400 533,401 588,402 643,402 697,402 752,401 806,401 861,400 916,400 970,400 1025,400 1079,401 1134,402 1189,405"/><TextEquiv><Unicode>ris autem non. patet ergo aliquis faciliter decipi credendo equilaterum vel</Unicode></TextEquiv></TextLine><TextLine custom="readingOrder {index:3;}" id="r1l6"><Coords points="103,416 157,425 211,433 265,439 319,445 373,449 427,451 481,453 535,455 589,455 644,456 698,455 752,455 806,454 860,454 914,453 968,453 1022,453 1076,454 1130,455 1185,457 1185,427 1130,425 1076,424 1022,423 968,423 914,423 860,424 806,424 752,425 698,425 644,426 589,425 535,425 481,423 427,421 373,419 319,415 265,409 211,403 157,395 103,386"/><Baseline points="103,406 157,415 211,423 265,429 319,435 373,439 427,441 481,443 535,445 589,445 644,446 698,445 752,445 806,444 860,444 914,443 968,443 1022,443 1076,444 1130,445 1185,447"/><TextEquiv><Unicode>ysopleurum habere tres angulos secundum que ysopleurus. quod concluditur in de-</Unicode></TextEquiv></TextLine><TextLine custom="readingOrder {index:4;}" id="r1l7"><Coords points="93,455 147,465 201,475 255,482 309,487 364,492 418,495 472,498 526,499 580,500 635,500 689,499 743,499 797,498 851,497 906,496 960,496 1014,496 1068,497 1122,499 1177,501 1177,471 1122,469 1068,467 1014,466 960,466 906,466 851,467 797,468 743,469 689,469 635,470 580,470 526,469 472,468 418,465 364,462 309,457 255,452 201,445 147,435 93,425"/><Baseline points="93,445 147,455 201,465 255,472 309,477 364,482 418,485 472,488 526,489 580,490 635,490 689,489 743,489 797,488 851,487 906,486 960,486 1014,486 1068,487 1122,489 1177,491"/><TextEquiv><Unicode>monstratione particulari. non autem patet decipi faciliter probando que triangulus</Unicode></TextEquiv></TextLine><TextLine custom="readingOrder {index:5;}" id="r1l8"><Coords points="97,500 151,510 206,519 261,527 316,531 371,536 425,539 480,541 535,542 590,542 645,542 699,541 754,541 809,540 864,539 919,538 973,538 1028,538 1083,539 1138,541 1193,544 1193,513 1138,510 1083,508 1028,507 973,507 919,507 864,508 809,509 754,510 699,510 645,511 590,511 535,511 480,510 425,508 371,505 316,500 261,496 206,488 151,479 97,469"/><Baseline points="97,490 151,500 206,509 261,517 316,521 371,526 425,529 480,531 535,532 590,532 645,532 699,531 754,531 809,530 864,529 919,528 973,528 1028,528 1083,529 1138,531 1193,534"/><TextEquiv><Unicode>habeat tres angulos equales duobus rectis quod fit in demonstratione universali</Unicode></TextEquiv></TextLine><TextEquiv><Unicode>probat que demonstratio universalis plus elongat ab errore quam demonstratio par
ticularis et arguit. Demonstratio universalis facit scire secundum que homini. particula
ris autem non. patet ergo aliquis faciliter decipi credendo equilaterum vel
ysopleurum habere tres angulos secundum que ysopleurus. quod concluditur in de-
monstratione particulari. non autem patet decipi faciliter probando que triangulus
habeat tres angulos equales duobus rectis quod fit in demonstratione universali</Unicode></TextEquiv></TextRegion><TextRegion custom="readingOrder {index:2;} structure {type:[heading];}" id="TextRegion_1651947465004_774" orientation="0.0"><Coords points="87,534 1196,534 1196,611 87,611"/><TextLine custom="readingOrder {index:0;}" id="r1l9"><Coords points="103,592 155,602 208,611 260,618 313,623 366,628 418,631 471,632 523,633 576,633 629,633 681,632 734,631 786,630 839,629 892,628 944,627 997,627 1049,628 1102,629 1155,631 1155,600 1102,598 1049,597 997,596 944,596 892,597 839,598 786,599 734,600 681,601 629,602 576,602 523,602 471,601 418,600 366,597 313,592 260,587 208,580 155,571 103,561"/><Baseline points="103,582 155,592 208,601 260,608 291,611"/><TextEquiv><Unicode>Notandum est secundo Que Ari</Unicode></TextEquiv></TextLine><TextEquiv><Unicode>Notandum est secundo Que Ari</Unicode></TextEquiv></TextRegion><TextRegion custom="readingOrder {index:3;} structure {type:paragraph;}" id="TextRegion_1651947465004_773" orientation="0.0" type="paragraph"><Coords points="87,611 1196,611 1196,1992 87,1992"/><TextLine custom="readingOrder {index:0;}" id="r1l10"><Coords points="91,636 145,647 200,657 255,665 310,672 365,676 420,679 475,681 530,683 585,683 640,683 694,682 749,681 804,680 859,679 914,678 969,678 1024,678 1079,679 1134,682 1189,685 1189,654 1134,651 1079,648 1024,647 969,647 914,647 859,648 804,649 749,650 694,651 640,652 585,652 530,652 475,650 420,648 365,645 310,641 255,634 200,626 145,616 91,605"/><Baseline points="91,626 145,637 200,647 255,655 310,662 365,666 420,669 475,671 530,673 585,673 640,673 694,672 749,671 804,670 859,669 914,668 969,668 1024,668 1079,669 1134,672 1189,675"/><TextEquiv><Unicode>stotiles probat consequenter rationibus spetialibus demonstrationem universalem esse poti</Unicode></TextEquiv></TextLine><TextLine custom="readingOrder {index:1;}" id="r1l11"><Coords points="95,680 149,692 204,701 258,710 313,715 367,720 422,723 476,726 531,727 585,728 640,727 694,727 749,726 803,725 858,724 912,723 967,723 1021,723 1076,724 1130,726 1185,729 1185,698 1130,695 1076,693 1021,692 967,692 912,692 858,693 803,694 749,695 694,696 640,696 585,697 531,696 476,695 422,692 367,689 313,684 258,679 204,670 149,661 95,649"/><Baseline points="95,670 149,682 204,691 258,700 313,705 367,710 422,713 476,716 531,717 585,718 640,717 694,717 749,716 803,715 858,714 912,713 967,713 1021,713 1076,714 1130,716 1185,719"/><TextEquiv><Unicode>orem particulari. et ponit septem. ¶ Prima ratio est ista. Illa demonstratio est</Unicode></TextEquiv></TextLine><TextLine custom="readingOrder {index:2;}" id="r1l12"><Coords points="95,724 149,736 204,746 258,753 313,759 367,764 422,767 476,769 531,771 585,771 640,771 694,770 749,770 803,769 858,768 912,767 967,767 1021,767 1076,768 1130,771 1185,774 1185,744 1130,741 1076,738 1021,737 967,737 912,737 858,738 803,739 749,740 694,740 640,741 585,741 531,741 476,739 422,737 367,734 313,729 258,723 204,716 149,706 95,694"/><Baseline points="95,714 149,726 204,736 258,743 313,749 367,754 422,757 476,759 531,761 585,761 640,761 694,760 749,760 803,759 858,758 912,757 967,757 1021,757 1076,758 1130,761 1185,764"/><TextEquiv><Unicode>potior que est magis per causam. sed demonstratio universalis magis est per cau</Unicode></TextEquiv></TextLine><TextLine custom="readingOrder {index:3;}" id="r1l13"><Coords points="99,768 153,779 207,789 262,797 316,803 371,808 425,811 479,814 534,815 588,815 643,815 697,815 751,814 806,813 860,812 915,811 969,810 1023,810 1078,811 1132,813 1187,816 1187,786 1132,783 1078,781 1023,780 969,780 915,781 860,782 806,783 751,784 697,785 643,785 588,785 534,785 479,784 425,781 371,778 316,773 262,767 207,759 153,749 99,738"/><Baseline points="99,758 153,769 207,779 262,787 316,793 371,798 425,801 479,804 534,805 588,805 643,805 697,805 751,804 806,803 860,802 915,801 969,800 1023,800 1078,801 1132,803 1187,806"/><TextEquiv><Unicode>sam quam particularis igitur. Maior est nota quia scire est per causam</Unicode></TextEquiv></TextLine><TextLine custom="readingOrder {index:4;}" id="r1l14"><Coords points="103,812 157,823 211,832 265,840 319,845 373,850 427,854 481,856 535,857 589,857 643,857 697,857 751,856 805,855 859,855 913,854 967,854 1021,855 1075,856 1129,858 1183,861 1183,831 1129,828 1075,826 1021,825 967,824 913,824 859,825 805,825 751,826 697,827 643,827 589,827 535,827 481,826 427,824 373,820 319,815 265,810 211,802 157,793 103,782"/><Baseline points="103,802 157,813 211,822 265,830 319,835 373,840 427,844 481,846 535,847 589,847 643,847 697,847 751,846 805,845 859,845 913,844 967,844 1021,845 1075,846 1129,848 1183,851"/><TextEquiv><Unicode>Minor patet demonstratio universalia est per causam dicentem propter quid passi-</Unicode></TextEquiv></TextLine><TextLine custom="readingOrder {index:5;}" id="r1l15"><Coords points="95,852 149,864 203,873 258,882 312,888 367,894 421,897 475,899 530,901 584,902 639,902 693,901 747,901 802,900 856,899 911,898 965,897 1019,898 1074,898 1128,900 1183,902 1183,872 1128,870 1074,868 1019,868 965,867 911,868 856,869 802,870 747,871 693,871 639,872 584,872 530,871 475,869 421,867 367,864 312,858 258,852 203,843 149,834 95,822"/><Baseline points="95,842 149,854 203,863 258,872 312,878 367,884 421,887 475,889 530,891 584,892 639,892 693,891 747,891 802,890 856,889 911,888 965,887 1019,888 1074,888 1128,890 1183,892"/><TextEquiv><Unicode>onis in genere cause efficientis. Demonstratio autem particularis non est</Unicode></TextEquiv></TextLine><TextLine custom="readingOrder {index:6;}" id="r1l16"><Coords points="93,895 147,908 201,918 256,926 310,932 365,937 419,940 473,943 528,944 582,944 637,944 691,943 745,941 800,940 854,939 909,939 963,938 1017,939 1072,940 1126,942 1181,946 1181,916 1126,912 1072,910 1017,909 963,908 909,909 854,909 800,910 745,911 691,913 637,914 582,914 528,914 473,913 419,910 365,907 310,902 256,896 201,888 147,878 93,865"/><Baseline points="93,885 147,898 201,908 256,916 310,922 365,927 419,930 473,933 528,934 582,934 637,934 691,933 745,931 800,930 854,929 909,929 963,928 1017,929 1072,930 1126,932 1181,936"/><TextEquiv><Unicode>per homini causam sed per causam materialem. In demonstratione enim universali</Unicode></TextEquiv></TextLine><TextLine custom="readingOrder {index:7;}" id="r1l17"><Coords points="99,938 152,950 206,960 260,969 314,974 368,980 421,983 475,985 529,987 583,987 637,987 690,986 744,985 798,984 852,983 906,983 959,983 1013,983 1067,985 1121,987 1175,991 1175,961 1121,957 1067,955 1013,953 959,953 906,953 852,953 798,954 744,955 690,956 637,957 583,957 529,957 475,955 421,953 368,950 314,944 260,939 206,930 152,920 99,908"/><Baseline points="99,928 152,940 206,950 260,959 314,964 368,970 421,973 475,975 529,977 583,977 637,977 690,976 744,975 798,974 852,973 906,973 959,973 1013,973 1067,975 1121,977 1175,981"/><TextEquiv><Unicode>medium est diffinitio subiecti que est causa effectiva proprie passionis.</Unicode></TextEquiv></TextLine><TextLine custom="readingOrder {index:8;}" id="r1l18"><Coords points="99,981 153,994 207,1004 261,1012 315,1018 369,1023 423,1027 477,1029 531,1031 585,1031 640,1031 694,1030 748,1029 802,1028 856,1027 910,1026 964,1026 1018,1026 1072,1027 1126,1029 1181,1033 1181,1003 1126,999 1072,997 1018,996 964,996 910,996 856,997 802,998 748,999 694,1000 640,1001 585,1001 531,1001 477,999 423,997 369,993 315,988 261,982 207,974 153,964 99,951"/><Baseline points="99,971 153,984 207,994 261,1002 315,1008 369,1013 423,1017 477,1019 531,1021 585,1021 640,1021 694,1020 748,1019 802,1018 856,1017 910,1016 964,1016 1018,1016 1072,1017 1126,1019 1181,1023"/><TextEquiv><Unicode>In demonstratione autem particulari medium est ipsum subiectum quod est</Unicode></TextEquiv></TextLine><TextLine custom="readingOrder {index:9;}" id="r1l19"><Coords points="95,1022 148,1035 202,1046 256,1055 309,1062 363,1067 417,1072 470,1074 524,1075 578,1075 632,1075 685,1075 739,1074 793,1072 846,1071 900,1071 954,1070 1007,1071 1061,1072 1115,1075 1169,1079 1169,1049 1115,1045 1061,1042 1007,1041 954,1040 900,1041 846,1041 793,1042 739,1044 685,1045 632,1045 578,1045 524,1045 470,1044 417,1042 363,1037 309,1032 256,1025 202,1016 148,1005 95,992"/><Baseline points="95,1012 148,1025 202,1036 256,1045 309,1052 363,1057 417,1062 470,1064 524,1065 578,1065 632,1065 685,1065 739,1064 793,1062 846,1061 900,1061 954,1060 1007,1061 1061,1062 1115,1065 1169,1069"/><TextEquiv><Unicode>causa materialis tamen passionis. Constat autem causam efficientm magis</Unicode></TextEquiv></TextLine><TextLine custom="readingOrder {index:10;}" id="r1l20"><Coords points="97,1068 151,1081 205,1090 259,1099 313,1106 367,1111 421,1115 475,1117 529,1118 583,1118 637,1118 691,1118 745,1117 799,1116 853,1115 907,1114 961,1114 1015,1114 1069,1116 1123,1118 1177,1122 1177,1092 1123,1088 1069,1086 1015,1084 961,1084 907,1084 853,1085 799,1086 745,1087 691,1088 637,1088 583,1088 529,1088 475,1087 421,1085 367,1081 313,1076 259,1069 205,1060 151,1051 97,1038"/><Baseline points="97,1058 151,1071 205,1080 259,1089 313,1096 367,1101 421,1105 475,1107 529,1108 583,1108 637,1108 691,1108 745,1107 799,1106 853,1105 907,1104 961,1104 1015,1104 1069,1106 1123,1108 1177,1112"/><TextEquiv><Unicode>esse causam quam causam materialem ut dicitur enim secundo phisicorum Ma-</Unicode></TextEquiv></TextLine><TextLine custom="readingOrder {index:11;}" id="r1l21"><Coords points="91,1107 145,1120 199,1132 253,1140 308,1148 362,1153 416,1157 471,1159 525,1160 579,1160 634,1160 688,1159 742,1158 796,1156 851,1155 905,1154 959,1154 1014,1155 1068,1157 1122,1160 1177,1164 1177,1134 1122,1130 1068,1127 1014,1125 959,1124 905,1124 851,1125 796,1126 742,1128 688,1129 634,1130 579,1130 525,1130 471,1129 416,1127 362,1123 308,1118 253,1110 199,1102 145,1090 91,1077"/><Baseline points="91,1097 145,1110 199,1122 253,1130 308,1138 362,1143 416,1147 471,1149 525,1150 579,1150 634,1150 688,1149 742,1148 796,1146 851,1145 905,1144 959,1144 1014,1145 1068,1147 1122,1150 1177,1154"/><TextEquiv><Unicode>teria necessitatur ab efficiente et non econverso. ¶ Secunda ratio aristotilis est</Unicode></TextEquiv></TextLine><TextLine custom="readingOrder {index:12;}" id="r1l22"><Coords points="97,1150 150,1164 204,1175 258,1184 312,1191 366,1197 419,1201 473,1203 527,1205 581,1205 635,1205 688,1204 742,1203 796,1202 850,1200 904,1200 957,1199 1011,1200 1065,1201 1119,1203 1173,1207 1173,1176 1119,1172 1065,1170 1011,1169 957,1168 904,1169 850,1169 796,1171 742,1172 688,1173 635,1174 581,1174 527,1174 473,1172 419,1170 366,1166 312,1160 258,1153 204,1144 150,1133 97,1119"/><Baseline points="97,1140 150,1154 204,1165 258,1174 312,1181 366,1187 419,1191 473,1193 527,1195 581,1195 635,1195 688,1194 742,1193 796,1192 850,1190 904,1190 957,1189 1011,1190 1065,1191 1119,1193 1173,1197"/><TextEquiv><Unicode>ista Demonstratio universalis est potior particulari. probatur Sicut est in causis fina</Unicode></TextEquiv></TextLine><TextLine custom="readingOrder {index:13;}" id="r1l23"><Coords points="95,1193 149,1207 203,1218 257,1228 311,1235 365,1240 419,1244 473,1247 527,1248 581,1249 636,1249 690,1248 744,1247 798,1246 852,1245 906,1244 960,1243 1014,1244 1068,1245 1122,1247 1177,1250 1177,1219 1122,1216 1068,1214 1014,1213 960,1212 906,1213 852,1214 798,1215 744,1216 690,1217 636,1218 581,1218 527,1217 473,1216 419,1213 365,1209 311,1204 257,1197 203,1187 149,1176 95,1162"/><Baseline points="95,1183 149,1197 203,1208 257,1218 311,1225 365,1230 419,1234 473,1237 527,1238 581,1239 636,1239 690,1238 744,1237 798,1236 852,1235 906,1234 960,1233 1014,1234 1068,1235 1122,1237 1177,1240"/><TextEquiv><Unicode>libus. ita videtur esse in omnibus alijis generalibus causarum. Sed in causis</Unicode></TextEquiv></TextLine><TextLine custom="readingOrder {index:14;}" id="r1l24"><Coords points="95,1236 149,1250 203,1262 258,1271 312,1279 367,1285 421,1288 475,1291 530,1293 584,1294 639,1294 693,1293 747,1292 802,1291 856,1290 911,1289 965,1289 1019,1289 1074,1290 1128,1292 1183,1296 1183,1266 1128,1262 1074,1260 1019,1259 965,1259 911,1259 856,1260 802,1261 747,1262 693,1263 639,1264 584,1264 530,1263 475,1261 421,1258 367,1255 312,1249 258,1241 203,1232 149,1220 95,1206"/><Baseline points="95,1226 149,1240 203,1252 258,1261 312,1269 367,1275 421,1278 475,1281 530,1283 584,1284 639,1284 693,1283 747,1282 802,1281 856,1280 911,1279 965,1279 1019,1279 1074,1280 1128,1282 1183,1286"/><TextEquiv><Unicode>finalibus non habetur scientia de aliquo nisi deveniatur ad ultimam cau</Unicode></TextEquiv></TextLine><TextLine custom="readingOrder {index:15;}" id="r1l25"><Coords points="89,1277 143,1292 197,1304 251,1314 305,1321 360,1327 414,1332 468,1335 522,1337 576,1337 631,1338 685,1337 739,1336 793,1335 847,1334 902,1333 956,1333 1010,1333 1064,1334 1118,1336 1173,1340 1173,1310 1118,1306 1064,1304 1010,1303 956,1303 902,1303 847,1304 793,1305 739,1306 685,1307 631,1308 576,1307 522,1307 468,1305 414,1302 360,1297 305,1291 251,1284 197,1274 143,1262 89,1247"/><Baseline points="89,1267 143,1282 197,1294 251,1304 305,1311 360,1317 414,1322 468,1325 522,1327 576,1327 631,1328 685,1327 739,1326 793,1325 847,1324 902,1323 956,1323 1010,1323 1064,1324 1118,1326 1173,1330"/><TextEquiv><Unicode>sam. ergo etiam ita est in aliis generibus causarum que de nullo habe-</Unicode></TextEquiv></TextLine><TextLine custom="readingOrder {index:16;}" id="r1l26"><Coords points="93,1321 147,1336 201,1347 255,1357 310,1365 364,1371 418,1375 473,1379 527,1380 581,1381 636,1381 690,1381 744,1380 798,1379 853,1378 907,1377 961,1377 1016,1377 1070,1379 1124,1381 1179,1385 1179,1354 1124,1350 1070,1348 1016,1346 961,1346 907,1346 853,1347 798,1348 744,1349 690,1350 636,1350 581,1350 527,1349 473,1348 418,1344 364,1340 310,1334 255,1326 201,1316 147,1305 93,1290"/><Baseline points="93,1311 147,1326 201,1337 255,1347 310,1355 364,1361 418,1365 473,1369 527,1370 581,1371 636,1371 690,1371 744,1370 798,1369 853,1368 907,1367 961,1367 1016,1367 1070,1369 1124,1371 1179,1375"/><TextEquiv><Unicode>tur scientia perfecta nisi deveniatur ad ultimam causam. sed ista cau-</Unicode></TextEquiv></TextLine><TextLine custom="readingOrder {index:17;}" id="r1l27"><Coords points="91,1364 145,1379 199,1390 253,1400 308,1408 362,1414 416,1419 471,1422 525,1424 579,1424 634,1425 688,1424 742,1423 796,1422 851,1421 905,1421 959,1421 1014,1421 1068,1423 1122,1425 1177,1429 1177,1399 1122,1395 1068,1393 1014,1391 959,1391 905,1391 851,1391 796,1392 742,1393 688,1394 634,1395 579,1394 525,1394 471,1392 416,1389 362,1384 308,1378 253,1370 199,1360 145,1349 91,1334"/><Baseline points="91,1354 145,1369 199,1380 253,1390 308,1398 362,1404 416,1409 471,1412 525,1414 579,1414 634,1415 688,1414 742,1413 796,1412 851,1411 905,1411 959,1411 1014,1411 1068,1413 1122,1415 1177,1419"/><TextEquiv><Unicode>sa ultima non reperitur nisi in demonstratione universali. igitur demonstra-</Unicode></TextEquiv></TextLine><TextLine custom="readingOrder {index:18;}" id="r1l28"><Coords points="87,1404 142,1420 197,1432 253,1443 308,1451 364,1458 419,1462 474,1466 530,1468 585,1469 641,1469 696,1468 751,1468 807,1466 862,1466 918,1465 973,1465 1028,1465 1084,1467 1139,1469 1195,1473 1195,1443 1139,1439 1084,1437 1028,1435 973,1435 918,1435 862,1436 807,1436 751,1438 696,1438 641,1439 585,1439 530,1438 474,1436 419,1432 364,1428 308,1421 253,1413 197,1402 142,1390 87,1374"/><Baseline points="87,1394 142,1410 197,1422 253,1433 308,1441 364,1448 419,1452 474,1456 530,1458 585,1459 641,1459 696,1458 751,1458 807,1456 862,1456 918,1455 973,1455 1028,1455 1084,1457 1139,1459 1195,1463"/><TextEquiv><Unicode>tio universalis est potior particulari. Maior est nota et est aristotilis secundo</Unicode></TextEquiv></TextLine><TextLine custom="readingOrder {index:19;}" id="r1l29"><Coords points="87,1449 141,1464 196,1477 250,1487 305,1496 359,1502 414,1506 468,1509 523,1511 577,1511 632,1511 686,1511 741,1510 795,1508 850,1507 904,1507 959,1507 1013,1507 1068,1509 1122,1512 1177,1516 1177,1486 1122,1482 1068,1479 1013,1477 959,1477 904,1477 850,1477 795,1478 741,1480 686,1481 632,1481 577,1481 523,1481 468,1479 414,1476 359,1472 305,1466 250,1457 196,1447 141,1434 87,1419"/><Baseline points="87,1439 141,1454 196,1467 250,1477 305,1486 359,1492 414,1496 468,1499 523,1501 577,1501 632,1501 686,1501 741,1500 795,1498 850,1497 904,1497 959,1497 1013,1497 1068,1499 1122,1502 1177,1506"/><TextEquiv><Unicode>phisicorum oportet enim in sciendo effectum ipsum resolvere in ultimam</Unicode></TextEquiv></TextLine><TextLine custom="readingOrder {index:20;}" id="r1l30"><Coords points="95,1494 149,1510 203,1521 257,1532 311,1539 365,1546 419,1550 473,1553 527,1555 581,1555 635,1555 689,1555 743,1553 797,1552 851,1551 905,1550 959,1550 1013,1550 1067,1551 1121,1553 1175,1557 1175,1527 1121,1523 1067,1521 1013,1520 959,1520 905,1520 851,1521 797,1522 743,1523 689,1525 635,1525 581,1525 527,1525 473,1523 419,1520 365,1516 311,1509 257,1502 203,1491 149,1480 95,1464"/><Baseline points="95,1484 149,1500 203,1511 257,1522 311,1529 365,1536 419,1540 473,1543 527,1545 581,1545 635,1545 689,1545 743,1543 797,1542 851,1541 905,1540 959,1540 1013,1540 1067,1541 1121,1543 1175,1547"/><TextEquiv><Unicode>causam. Minor patet quia si queritur quare equilaterus vel ysopleurus</Unicode></TextEquiv></TextLine><TextLine custom="readingOrder {index:21;}" id="r1l31"><Coords points="89,1534 143,1550 197,1563 252,1573 306,1582 361,1588 415,1593 469,1596 524,1598 578,1599 633,1599 687,1599 741,1598 796,1597 850,1596 905,1595 959,1595 1013,1595 1068,1597 1122,1600 1177,1603 1177,1573 1122,1570 1068,1567 1013,1565 959,1565 905,1565 850,1566 796,1567 741,1568 687,1569 633,1569 578,1569 524,1568 469,1566 415,1563 361,1558 306,1552 252,1543 197,1533 143,1520 89,1504"/><Baseline points="89,1524 143,1540 197,1553 252,1563 306,1572 361,1578 415,1583 469,1586 524,1588 578,1589 633,1589 687,1589 741,1588 796,1587 850,1586 905,1585 959,1585 1013,1585 1068,1587 1122,1590 1177,1593"/><TextEquiv><Unicode>habet tres angulos non respondetur quia equilaterus. sed oportet que-</Unicode></TextEquiv></TextLine><TextLine custom="readingOrder {index:22;}" id="r1l32"><Coords points="91,1577 145,1593 199,1606 253,1617 307,1626 361,1632 415,1637 469,1640 523,1642 577,1643 632,1643 686,1643 740,1642 794,1641 848,1640 902,1639 956,1639 1010,1640 1064,1642 1118,1645 1173,1649 1173,1618 1118,1614 1064,1611 1010,1609 956,1608 902,1608 848,1609 794,1610 740,1611 686,1612 632,1612 577,1612 523,1611 469,1609 415,1606 361,1601 307,1595 253,1586 199,1575 145,1562 91,1546"/><Baseline points="91,1567 145,1583 199,1596 253,1607 307,1616 361,1622 415,1627 469,1630 523,1632 577,1633 632,1633 686,1633 740,1632 794,1631 848,1630 902,1629 956,1629 1010,1630 1064,1632 1118,1635 1173,1639"/><TextEquiv><Unicode>rere aliam causam et respondetur quia triangulus in quo fit status ¶ Ter</Unicode></TextEquiv></TextLine><TextLine custom="readingOrder {index:23;}" id="r1l33"><Coords points="91,1620 145,1637 199,1649 253,1660 307,1669 361,1675 415,1680 469,1683 523,1685 577,1686 631,1686 685,1686 739,1685 793,1684 847,1684 901,1683 955,1683 1009,1684 1063,1686 1117,1689 1171,1693 1171,1662 1117,1658 1063,1655 1009,1653 955,1652 901,1652 847,1653 793,1653 739,1654 685,1655 631,1655 577,1655 523,1654 469,1652 415,1649 361,1644 307,1638 253,1629 199,1618 145,1606 91,1589"/><Baseline points="91,1610 145,1627 199,1639 253,1650 307,1659 361,1665 415,1670 469,1673 523,1675 577,1676 631,1676 685,1676 739,1675 793,1674 847,1674 901,1673 955,1673 1009,1674 1063,1676 1117,1679 1171,1683"/><TextEquiv><Unicode>tio arguit aristotiles sic. Illa demonstratio est dignior et potior que</Unicode></TextEquiv></TextLine><TextLine custom="readingOrder {index:24;}" id="r1l34"><Coords points="91,1663 144,1679 198,1692 252,1704 306,1712 360,1719 414,1723 468,1727 522,1729 576,1730 630,1730 683,1730 737,1729 791,1728 845,1727 899,1726 953,1726 1007,1727 1061,1728 1115,1731 1169,1735 1169,1704 1115,1700 1061,1697 1007,1696 953,1695 899,1695 845,1696 791,1697 737,1698 683,1699 630,1699 576,1699 522,1698 468,1696 414,1692 360,1688 306,1681 252,1673 198,1661 144,1648 91,1632"/><Baseline points="91,1653 144,1669 198,1682 252,1694 306,1702 360,1709 414,1713 468,1717 522,1719 576,1720 630,1720 683,1720 737,1719 791,1718 845,1717 899,1716 953,1716 1007,1717 1061,1718 1115,1721 1169,1725"/><TextEquiv><Unicode>est de magis scibilibus et magis demonstrabilibus. sed demonstratio</Unicode></TextEquiv></TextLine><TextLine custom="readingOrder {index:25;}" id="r1l35"><Coords points="97,1707 151,1723 205,1737 259,1747 313,1756 367,1763 421,1768 475,1772 529,1774 583,1775 638,1775 692,1775 746,1774 800,1774 854,1773 908,1772 962,1772 1016,1772 1070,1773 1124,1775 1179,1779 1179,1749 1124,1745 1070,1743 1016,1742 962,1742 908,1742 854,1743 800,1744 746,1744 692,1745 638,1745 583,1745 529,1744 475,1742 421,1738 367,1733 313,1726 259,1717 205,1707 151,1693 97,1677"/><Baseline points="97,1697 151,1713 205,1727 259,1737 313,1746 367,1753 421,1758 475,1762 529,1764 583,1765 638,1765 692,1765 746,1764 800,1764 854,1763 908,1762 962,1762 1016,1762 1070,1763 1124,1765 1179,1769"/><TextEquiv><Unicode>universalis est homini. igitur. Maior est nota. Minor patet et demon</Unicode></TextEquiv></TextLine><TextLine custom="readingOrder {index:26;}" id="r1l36"><Coords points="91,1748 145,1764 199,1778 253,1789 307,1798 362,1805 416,1810 470,1814 524,1816 578,1818 633,1818 687,1818 741,1817 795,1817 849,1816 904,1815 958,1815 1012,1816 1066,1817 1120,1820 1175,1824 1175,1794 1120,1790 1066,1787 1012,1786 958,1785 904,1785 849,1786 795,1787 741,1787 687,1788 633,1788 578,1788 524,1786 470,1784 416,1780 362,1775 307,1768 253,1759 199,1748 145,1734 91,1718"/><Baseline points="91,1738 145,1754 199,1768 253,1779 307,1788 362,1795 416,1800 470,1804 524,1806 578,1808 633,1808 687,1808 741,1807 795,1807 849,1806 904,1805 958,1805 1012,1806 1066,1807 1120,1810 1175,1814"/><TextEquiv><Unicode>stratio universalis est de universalibus. et demonstratio particularis de particu</Unicode></TextEquiv></TextLine><TextLine custom="readingOrder {index:27;}" id="r1l37"><Coords points="96,1793 149,1809 203,1822 257,1833 311,1843 365,1849 419,1854 472,1858 526,1860 580,1861 634,1862 688,1861 742,1861 796,1860 849,1859 903,1859 957,1859 1011,1859 1065,1861 1119,1863 1173,1867 1173,1837 1119,1833 1065,1831 1011,1829 957,1829 903,1829 849,1829 796,1830 742,1831 688,1831 634,1832 580,1831 526,1830 472,1828 419,1824 365,1819 311,1813 257,1803 203,1792 149,1779 96,1763"/><Baseline points="96,1783 149,1799 203,1812 257,1823 311,1833 365,1839 419,1844 472,1848 526,1850 580,1851 634,1852 688,1851 742,1851 796,1850 849,1849 903,1849 957,1849 1011,1849 1065,1851 1119,1853 1173,1857"/><TextEquiv><Unicode>laribus. modo universalia sunt magis demonstrabilia et scibilia quam particula-</Unicode></TextEquiv></TextLine><TextLine custom="readingOrder {index:28;}" id="r1l38"><Coords points="88,1833 142,1850 196,1864 251,1876 305,1885 360,1892 414,1898 469,1902 523,1904 578,1905 632,1906 686,1906 741,1905 795,1904 850,1904 904,1903 959,1903 1013,1903 1068,1905 1122,1907 1177,1911 1177,1881 1122,1877 1068,1875 1013,1873 959,1873 904,1873 850,1874 795,1874 741,1875 686,1876 632,1876 578,1875 523,1874 469,1872 414,1868 360,1862 305,1855 251,1846 196,1834 142,1820 88,1803"/><Baseline points="88,1823 142,1840 196,1854 251,1866 305,1875 360,1882 414,1888 469,1892 523,1894 578,1895 632,1896 686,1896 741,1895 795,1894 850,1894 904,1893 959,1893 1013,1893 1068,1895 1122,1897 1177,1901"/><TextEquiv><Unicode>ria Universalia enim sunt finita. particularia vero infinita. Intellectus autem</Unicode></TextEquiv></TextLine><TextLine custom="readingOrder {index:29;}" id="r1l39"><Coords points="92,1877 146,1894 200,1908 254,1919 309,1929 363,1936 417,1942 471,1946 526,1949 580,1950 634,1951 688,1951 743,1951 797,1951 851,1950 905,1949 960,1949 1014,1950 1068,1951 1122,1953 1177,1956 1177,1925 1122,1922 1068,1920 1014,1919 960,1918 905,1918 851,1919 797,1920 743,1920 688,1920 634,1920 580,1919 526,1918 471,1915 417,1911 363,1905 309,1898 254,1888 200,1877 146,1863 92,1846"/><Baseline points="92,1867 146,1884 200,1898 254,1909 309,1919 363,1926 417,1932 471,1936 526,1939 580,1940 634,1941 688,1941 743,1941 797,1941 851,1940 905,1939 960,1939 1014,1940 1068,1941 1122,1943 1177,1946"/><TextEquiv><Unicode>noster refugit infinitum. et primo phisicorum dicitur. Infinitum secundum</Unicode></TextEquiv></TextLine><TextLine custom="readingOrder {index:30;}" id="r1l40"><Coords points="96,1926 122,1932 149,1940 175,1946 202,1952 228,1958 255,1964 281,1969 308,1974 334,1978 361,1982 387,1985 414,1988 440,1989 467,1991 494,1992 494,1961 467,1960 440,1958 414,1957 387,1954 361,1951 334,1947 308,1943 281,1938 255,1933 228,1927 202,1921 175,1915 149,1909 122,1901 96,1895"/><Baseline points="96,1916 122,1922 149,1930 175,1936 202,1942 228,1948 255,1954 281,1959 308,1964 334,1968 361,1972 387,1975 414,1978 440,1979 467,1981 494,1982"/><TextEquiv><Unicode>que infinitum est ignotum.</Unicode></TextEquiv></TextLine><TextEquiv><Unicode>stotiles probat consequenter rationibus spetialibus demonstrationem universalem esse poti
orem particulari. et ponit septem. ¶ Prima ratio est ista. Illa demonstratio est
potior que est magis per causam. sed demonstratio universalis magis est per cau
sam quam particularis igitur. Maior est nota quia scire est per causam
Minor patet demonstratio universalia est per causam dicentem propter quid passi-
onis in genere cause efficientis. Demonstratio autem particularis non est
per homini causam sed per causam materialem. In demonstratione enim universali
medium est diffinitio subiecti que est causa effectiva proprie passionis.
In demonstratione autem particulari medium est ipsum subiectum quod est
causa materialis tamen passionis. Constat autem causam efficientm magis
esse causam quam causam materialem ut dicitur enim secundo phisicorum Ma-
teria necessitatur ab efficiente et non econverso. ¶ Secunda ratio aristotilis est
ista Demonstratio universalis est potior particulari. probatur Sicut est in causis fina
libus. ita videtur esse in omnibus alijis generalibus causarum. Sed in causis
finalibus non habetur scientia de aliquo nisi deveniatur ad ultimam cau
sam. ergo etiam ita est in aliis generibus causarum que de nullo habe-
tur scientia perfecta nisi deveniatur ad ultimam causam. sed ista cau-
sa ultima non reperitur nisi in demonstratione universali. igitur demonstra-
tio universalis est potior particulari. Maior est nota et est aristotilis secundo
phisicorum oportet enim in sciendo effectum ipsum resolvere in ultimam
causam. Minor patet quia si queritur quare equilaterus vel ysopleurus
habet tres angulos non respondetur quia equilaterus. sed oportet que-
rere aliam causam et respondetur quia triangulus in quo fit status ¶ Ter
tio arguit aristotiles sic. Illa demonstratio est dignior et potior que
est de magis scibilibus et magis demonstrabilibus. sed demonstratio
universalis est homini. igitur. Maior est nota. Minor patet et demon
stratio universalis est de universalibus. et demonstratio particularis de particu
laribus. modo universalia sunt magis demonstrabilia et scibilia quam particula-
ria Universalia enim sunt finita. particularia vero infinita. Intellectus autem
noster refugit infinitum. et primo phisicorum dicitur. Infinitum secundum
que infinitum est ignotum.</Unicode></TextEquiv></TextRegion></Page></PcGts>