1734 2655
757 186 1525 261 Liber Primus
536 258 1662 353 Esse enim horum quodlibet nihil aliud est quam esse spacium
542 353 1660 447 sine nullo medio. et indivisibile. sed omnia divisibilia. In-
538 444 1670 544 tus enim mittendo terminum. sed non assumendo demon-
552 537 1674 644 stratur quod demonstratur. quare si hoc in infinitum con-
552 629 1678 742 tingit ire. Contingit utique duorum terminorum infinita esse
552 728 1670 837 interius media. sed hoc impossibile est. si predicata steterint
550 823 1676 933 in superius et inferius. Que autem stent demonstratum est lo
548 916 1676 1036 gice prius analetice vero nunc. Monstratis autem hic ma
558 1014 1672 1128 nifestum que si aliquod duobus insit ut si inest a et in c et in
556 1108 1680 1228 d predicante altero de altero. Aut nullo modo. Aut non
550 1203 1682 1321 de omni. Que non semper secundum commune aliquod inerit. ut
558 1297 1678 1418 ysocheli et scalenon non duobus rectis equales habere secundum
558 1394 1680 1516 commune aliquod inest. Secundum enim que est figura que-
562 1489 1678 1617 dam. et non secundum alterum est. Hoc autem non semper sic se
562 1587 1678 1713 habet. Sic enim b quidem secundum que est in a in c et in d. Ma
566 1678 1682 1809 nifestum igitur est que b in c d secundum commune est. et illud secundum
568 1775 1687 1906 alterum quare duorum terminorum mediis infinits utique in
562 1874 1678 2002 tercidunt termini. sed hoc impossibile est. Si igitur secundum
