1733 2644
626 175 1487 249 Liber Primus
560 250 1678 343 si de ea nihil predicatur per se. a autem in c primo. medium au
566 346 1676 441 tem in nullo priori et c sit I et hoc in b. Nunquid et hic sta-
564 444 1674 538 re necesse est. aut et hic contingit infinitum ire differt autem hoc a pri
564 539 1674 636 ori quam hoc quidem est. Nunquid enim contingit incepturum ab homini
572 633 1678 733 quod in nullo est altero sed aliud in illo in sursum et in infini
560 733 1676 830 tum abire alterumque incepturum ab homini. que ipsum quidem de
560 825 1684 927 alio de illo autem nihil predicantur. In deorsum intendere sic con-
562 922 1676 1025 tingit et in infinitum ire. Amplius nunquid contingit. Infini-
562 1019 1672 1123 tare media determinatis extremis. Dico autem ut si a in c sit
558 1112 1678 1221 medium autem ipsorum sit b. Ab ipsum b ad a alterum. sed alio-
562 1207 1676 1317 rum alia nunquid et hoc contingit in infinitum abire Aut im-
558 1307 1664 1413 possibile. Est autem hoc intendere idem esse. etsi demonstra-
558 1403 1668 1512 tiones in infinitum veniant. et si est demonstratio rei omnis
558 1496 1678 1610 aut invicem includantur. Similiter autem dico et in privati-
566 1593 1672 1708 vis sylogisimis et propositionibus ut si a non inest b. nulli autem
568 1689 1670 1808 primo. Aut est aliud infra cui priori non inest ut si prius a non
562 1784 1678 1905 inest ipsi c. quod sit in omni et iterum hoc etiam in alio priori
568 1886 1672 2007 ut si c est quod in omnibus et numquam in his infinita sunt in qui
