1734 2655
755 137 774 258 Liber Primus
532 249 1661 348 Esse enim horum quodlibet nihil aliud est quam esse spacium
540 351 1658 449 sine nullo medio. et indivisibile. sed omnia divisibilia. In-
535 445 1669 544 tus enim mittendo terminum. sed non assumendo demon-
548 542 1673 638 stratur quod demonstratur. quare si hoc in infinitum con-
548 629 1677 746 tingit ire. Contingit utique duorum terminorum infinita esse
548 724 1669 833 interius media. sed hoc impossibile est. si predicata steterint
547 826 1674 935 in superius et inferius. Que autem stent demonstratum est lo
544 917 1674 1031 gice prius analetice vero nunc. Monstratis autem hic ma
554 1011 1670 1125 nifestum que si aliquod duobus insit ut si inest a et in c et in
551 1107 1679 1224 d predicante altero de altero. Aut nullo modo. Aut non
546 1203 1680 1318 de omni. Que non semper secundum commune aliquod inerit. ut
554 1296 1677 1414 ysocheli et scalenon non duobus rectis equales habere secundum
554 1393 1679 1513 commune aliquod inest. Secundum enim que est figura que-
557 1486 1677 1615 dam. et non secundum alterum est. Hoc autem non semper sic se
557 1579 1677 1711 habet. Sic enim b quidem secundum que est in a in c et in d. Ma
562 1678 1680 1806 nifestum igitur est que b in c d secundum commune est. et illud secundum
563 1777 1686 1904 alterum quare duorum terminorum mediis infinits utique in
557 1871 1679 2057 tercidunt termini. sed hoc impossibile est. Si igitur secundum
