1734 2643
704 186 1528 238 Liber Primus
550 246 1650 312 dicitur solers unus talis format talem sylogismum quo ad primum modum omne
550 292 1654 355 recipiens lumen a sole splendet versus solem. sed luna recipit lumem a sole. igi
550 335 1648 398 tur luna splendet versus solem. et eodem modo possunt formari argumenta sylogi-
556 395 1534 441 stica secundum alios duos modos. Istis notabilibus sic stantibus est
560 468 1652 530 Conclusio responsalis Scibi-
556 514 1662 585 le formaliter differt ab opinabili. et scientia formaliter differt ab opini-
558 559 1656 630 one. Veritas huius conclusionis patet ex probationibus aristotilis Idem tamen materi
549 630 1421 670 aliter est scibile et opinabile ut declaratum est superius.
545 683 626 734 A
558 645 1662 712 rguitur primo. Opinabile est scibile. igitur. probatur dubitabile est scibile
560 686 1660 756 sed dubitabile est opinabile. igitur. Maior est nota et dicitur tertio me
562 731 1648 801 thaphisice qui bene dubitat bene sciet. Minor est nota et idem dubitabile et opina
554 773 1658 846 bile. ¶ Dico verum argumentum concludit que idem est opinabile et scibile ma-
556 816 1658 888 terialiter sed non formaliter et etsi erit hoc pro diversis temporibus Illud enim
569 890 1370 929 quod aliquis scit prius dubitavit.
537 941 639 1002 A
566 901 1666 973 rguitur secundo. Etiam pro eodem tempore idem est dubitabile vel opinabile. et sci
580 944 1660 1018 bile. probatur consequentia aliquam conclusionem quam quis dubitat illam aliquis scit ut
552 989 1654 1066 hanc. dyameter est commensurabilis coste aliquis scit eam falsam sicut et est et ali
558 1032 1662 1111 quis dubitat eam. ¶ Dico verum hoc est sed hoc respectu diversorum. respectu
556 1090 1604 1150 enim plurium idem potest esse dubitabile et scibile. sed non respectu eiusdem.
536 1162 635 1213 A
564 1117 1664 1190 rguitur tertio Opinio non distinguitur a scientia. igitur. probatur omne quod fit
596 1158 1664 1237 a sibi simili fit Sed scientia fit ex opinione ergo opinio est scientia. Maior est ari
558 1203 1662 1282 stotilis vii. methaphisice Minor probatur et de illo scibili de quo primo habere opinio per
562 1245 1660 1326 causas probabiles de eodem postea habere scientia per propositiones certas. ¶ Dico verum
564 1287 1660 1370 argumentum concludit que ex opinione fit scientia ut ex dicitur ordinem quando dicimus.
566 1331 1662 1413 que ex mane fit meridies. sicut de eadem re de quo quis prius habuit opinio:
566 1374 1664 1457 nec de eadem postea habet scientiam. et sic habita scientia non plus habere opinio non sequitur
566 1461 1198 1496 ergo que opinio essentialiter sic scientia.
526 1514 623 1570 A
558 1461 1666 1540 rguitur quarto et ultimo Solertia non est subtilitas. probatur. et nec est sub
579 1503 1664 1592 tilitas acquisita nec innata. que non acquisita. et agilitas ingenii et
566 1545 1666 1635 promptitudo innascitur homini. Que etsi non innata et solertia acquiritur in homine
572 1587 1664 1681 per continuum studium et sic promptificatur humanum ingenium Unde dixit Victo-
568 1630 1666 1723 rinus super rethorica Tullii Natura facit abilem. ars facilem usus vero po-
566 1675 1664 1768 tentem. ¶ Hoc argumentum soluit Paulus de venetiis Et dicitur que duplex est
570 1715 1668 1812 solertia. quidam innata et est quedam subtilitas ingenii consequens complexionem hominis
562 1762 1666 1854 et unionem corporis et anime. et talis est quedam subtilitas innata de secunda specie qua
568 1803 1664 1899 litatis. Alia autem est solertia acquisita per frequens et continuum exercitium et talis est
568 1850 1660 1943 quedam virtus intellectualis de prima specie qualitatis adiuncta pruden
562 1945 1114 1983 tie. Et tamen de primo posteriorum.
