1744 2644
602 138 1561 259 Liber Primus
545 261 1663 343 ad a aut ad c. Aut infinita media aut non a quo iam primo
536 356 1670 440 sunt infinita sive statim sive non statim nihil differt. que enim
545 448 1674 539 sunt post hoc infinita sunt. Manifestum autem et in priva-
539 552 1657 638 tiva demonstratione. quoniam statur siquidem statur in predi-
543 652 1664 731 cativa statur in utrisque. Si ab ultimo enim non contingens
542 735 1669 829 neque in sursum ab eo in quo statur ire in infinitum. Dico au-
549 831 1670 928 tem in quo statur que ipsum quidem in alio non est sed in alio ali
546 925 1663 1022 ud. ut patet. Neque a primo in id in quo statur in ultimum. Di
543 1009 1669 1111 co autem primum que ipsum quidem de alio sed de illo nullum ali
548 1106 1670 1213 ud. si igitur hoc erit et in negatione stabitur. Tripliciter enim
548 1205 1663 1305 demonstratur non esse. Aut enim in quo est c b omni inest. sed
548 1295 1667 1402 in quo est b nulli inest a Ipsius quidem igitur b c et semper al
546 1392 1670 1498 terius distantie necesse est ire in immediata. predicativa enim
552 1490 1669 1596 hec distantia. Et alterum manifestum que si a in alio non est
552 1579 1667 1705 priori ut in d hoc indigebit in omni b esse et si iterum in aliquo
550 1673 1667 1806 ipso d priori non fuerit illud indigebit in omni d esse. Qua-
552 1778 1673 1908 re quam in deorsum statur et in sursum stabitur et erit quoddam
552 1875 1676 2063 principium in quo non erit. Item si b quidem in omni a et in
