1746 2679
130 132 1236 257 Posteriorum Fo. XCVIII
117 253 1228 354 eadem est ei que fit per proprium medium Si vero non per proprium medium
107 348 1239 452 fiat sylogismus cum d que sub a sit medium. in b autem nullo est. Necesse
111 443 1226 544 est utrasque esse falsas Recipiende enim utique sunt contrario quam se habent
116 543 1226 637 propositiones si debeat fieri sylogismus sic enim accepte utreque false fiunt
119 629 1210 732 ut si a quidem in toto d est. dant in nullo b. conversis enim sylogismus
119 721 1236 830 quidem erit et propositiones utreque false. Cum vero non sit sub a me
123 818 1230 924 dium ut d que quidem est a d vera erit que vero d b falsa quia si
116 915 1236 1025 esset vera et conclusio esset vera. sed erat falsa Sed per mediam
113 1010 1248 1122 figuram facta deceptione utrasque quidem non contingit falsas esse
125 1113 1242 1214 propositiones totas Cum sit b sub a nihil quidem contingit in hoc
125 1207 1250 1312 quod omni in illo vero nullo esse. sicut dictum est prius. Altera ve
122 1293 1244 1406 ro potest esse falsa et quecunque contingit. Si enim e et in a et in
119 1387 1244 1504 b est si accipiatur in a quidem esse. in b vero non esse que quidem a c
116 1479 1248 1591 vera erit altera autem falsa Iterum si in b accipiatur esse c. In a
120 1574 1239 1690 autem nullo que quidem est c b vera erit altera autem falsa. Si qui-
128 1669 1250 1781 dem igitur fit privativus sylogismus dictum est quando et que
125 1765 1241 1899 erit deceptio. Si vero sit affirmativus tunc per proprium medium
113 1852 535 2028 impossibile est utrasque esse falsas Necesse est nim que est b c mane
1099 1943 1245 2053 TT iii
