1765 2613
705 179 1624 261 Liber Primus
600 259 1718 357 que in illis logice aliqua quidem speculentur hoc manifestum est
598 356 1712 451 in his quidem igitur que in eo que quid est predicatur patet
600 454 1712 549 si enim diffinire aut si notum est quod quid erat esse. infi-
590 550 1708 641 nita autem non est transire. Necesse ergo fieri in eo quod quid
590 647 1706 737 predicantia universaliter autem sic dicimus. Est enim verum dice
584 742 1708 831 re album ambulare et magnum illud lignum esse. et iterum li-
582 832 1710 925 gnum magnum esse. et hominem ambulare. Alterum igitur est di
586 934 1700 1024 cere sic. aut illo modo. Cum enim album quidem dico esse lig-
579 1031 1702 1121 gnum tunc dico cui accidit album esse. lignum est sed non que
566 1126 1698 1220 subiectum ligno album est. Et nanque neque quod cum album
578 1222 1700 1314 est. neque aliquod vere factum est lignum. quare non est secundum
572 1315 1700 1406 se primo sed aut secundum accidens. Cum vero lignum album esse
574 1410 1696 1506 dico. non que alterum aliquod sit album illi enim accidit li-
566 1510 1690 1604 gnum esse. ut sum musicum album esse. dico tunc quoniam
568 1609 1688 1701 albus homo est. cui accidit musicum esse dico. Sed quod li-
564 1706 1690 1799 gnum est subiectum. quia quod vere subiectum factum est.
560 1804 1692 1899 non que aliud alterum quam quod vere est lignum. aut lignum ali-
560 1903 1680 1995 quod. Si igitur oportet nomina ponere et sic dicere predicari. sed illo
