1752 2641
83 134 1182 269 Posteriorum Fo. CXLI
73 256 1176 372 quidem igitur non est diffinitio omnis cuius est demonstratio ma
76 355 1173 462 nifestum est ex autem cuius est diffinitio numquam omnis demonstratio est
80 446 1185 559 aut non. Una quidem videtur ratio et de hoc eadem est. Unius enim
85 545 1182 652 inquantum unius una est scientia. quare si vere scire demon-
73 635 1178 748 strabile est. est scientiam habere. accidet quoddam impossibile. Dif-
74 729 1184 846 finitionem enim habens sine demonstratione sciet. Amplius prin-
76 839 1185 940 cipia demonstrationum diffinitiones sunt quorum non esse de
85 927 1187 1040 monstrationes monstratum est prius. Aut enim demonstrabilia
80 1022 1179 1142 principia et principiorum principia et hoc in infinitum abibit.
80 1109 1173 1236 Aut prime diffinitiones erunt indemonstrabiles. Sed utrum
80 1203 1175 1338 sin non omnis eiusdem sed alicuius eiusdem sit diffinitio et demon-
86 1304 1178 1430 stratio simul autem impossibile. Non enim est demonstratis cuius
85 1399 1181 1525 est diffinitio. Diffinitio quidem ipsius quod quid est substan-
73 1493 1184 1625 tie est demonstrationes autem omnes videntur omnes supponen-
74 1593 1176 1719 tes. et accipientes quod quid est ut mathematice quid unitas
82 1690 1181 1817 quid impar et alie simul. Amplius omnis demonstratio ali-
79 1787 1182 1913 quid de aliquo demonstrat. ut quia est aut non est. In diffi-
74 1880 1178 2030 nitione autem nihil alterum de altero predicatur ut neque animal de
1021 1992 1168 2067 DDd ii
