1724 2625
598 145 1123 252 Liber Secundus
538 246 1646 338 illud quod vere scitur est conclusio. et hoc est tamen unum Dictum enim
549 293 1643 382 est ante que omnis scientia est conclusionis potissime. in qua predica-
548 336 1646 425 tum convenit subiecto secundum que ipsum. ¶ Dico verum argumentum con-
549 380 1639 473 cludit que capiendo vere scibile pro eo quod vere scitur per demon-
539 421 1643 513 strationem. tunc tamen est unum scilicet conclusio. sed capiendo vere scibile
539 462 1651 562 pro illo quod vere scitur per demonstrationem vel etiam pro his que
544 510 1662 605 in demonstratione ponuntur tunc quatuor sunt quesita vere scibilia
541 581 1464 637 et his correspondent quatuor questiones vere scibiles.
534 664 622 708 A
555 597 1649 698 rguitur quinto. Questio si est non est non est questis probatur et si que
546 637 1645 730 stio si est esset questio vel ergo quereret esse existentie. vel esse
542 679 1651 772 essentie sed nullum illorum est dicendum. non potest dici primum scilicet que que
544 718 1646 815 stio si est quereret esse existentie patet et esse existentie non est scibile Modo questio si est
545 767 1639 857 est questio vere scibilis. Non querit etiam esse essentie quia quia questio
548 803 1651 907 quid est. querit esse essentie. ¶ Hoc argumentum soluit Paulus de ve
548 850 1649 947 netiis Et dicit que questio si est querit esse essentie in genere. sed non
539 895 1643 991 in spetie. Sed questio quid est querit esse essentie in specie et certi
542 980 964 1033 generis et predicamenti.
525 1045 628 1092 A
554 993 1592 1080 rguitur sexto. Demonstrator non habet se occupare cum his que
545 1026 1640 1125 stionibus. igitur. probatur dictum est ante que demonstrator inter
546 1068 1640 1169 rogat. ¶ Dico verum argumentum concludit que demonstrator non inter-
548 1111 1651 1210 rogat sicut dyalecticus utranque partem contradictionis. unam tamen
554 1197 1244 1248 partem determinatam interrogat et querit.
537 1262 634 1314 A
551 1208 1602 1302 rguitur septimo questio si est. non est questio. probatur quia omnis que
552 1232 1655 1341 stio aliquid querit et aliquid presupponit. sed questio si est nihil
544 1277 1649 1382 presupponit. igitur. Maior est nota. Minor probatur quia si questia
544 1324 1643 1427 si est aliquid presupponeret. tunc plures essent questiones quam quatuor quod
548 1367 1640 1470 est contra aristotilem. ¶ Dico verum argumentum concludit que questio
549 1408 1646 1513 si est nullam questionem presupponit tamen presupponit quid nominis et hoc sufficit.
534 1520 617 1567 A
548 1478 1537 1564 rguitur octavo. Processus aristotilis et exemplum eius non videlicet ut patet
549 1499 1651 1605 probatur quia de deo non possumus querere questionem quid
548 1535 1651 1646 est. igitur exemplum aristotilis est male positum. probatur de illo queri
548 1582 1646 1691 mus quid est quod est diffinibile. sed deus non est diffinibilis. igitur
544 1621 1646 1735 Maior est nota. Minor quia nihil diffinitur nisi res alicuius ge-
544 1665 1643 1776 neris sed deus non est in genere. Maior quia illud quod diffinitur
552 1709 1646 1820 est species. modo omnis species est alicuius generis. Minor et de-
546 1751 1651 1865 us est extremum nature modo extrema non sunt in genere. Dicit enim
544 1796 1646 1943 Boe. super predicamentis que aristotiles relictis extremis egit de me
