1839 2410
617 181 1233 236 VITA BEATI
452 247 1398 304 Est humilis gestu, simplex animo, verecundus
457 308 1408 372 Moribus, & constans puer hic virtute decorus.
457 376 1335 434 ¶ Hinc vbi iam fragiles ętatis transilit actus
459 442 1317 498 Ad perfecta petit, sed quo perfectior assit
469 509 1431 569 Vita comes, doctam studuit coluisse mineruam
455 573 1304 632 Et nymphas faciles dulci sibi vendicat vsu
459 640 1413 701 Talibus inde modis musas meminisse volebat
457 704 1315 764 Tempora ꝙ circum liceat iam laurea serta
449 772 1339 827 Serpereqʒ & doctos edera circu~dare vultus
455 835 1277 889 ¶ Atqʒ vbi maturos ętatis contigit annos
455 904 1347 961 Ecce suos humeros palla tegit, ipsa subinde
449 967 1470 1026 Docta Minerua fauens meritis nec congrua tande~
439 1028 1397 1089 Premia neglexit, nam extollitur arte magister
441 1095 1516 1154 Hinc pater ipse suum phoebus non spernit amantem
447 1163 1292 1214 Callipe mater formosaqʒ turba sororum
438 1228 1337 1281 Sceptra ferunt illi, celsa quoqʒ sede locarunt
437 1291 1361 1349 Assurgit pariter chorus omnis vertice presso
446 1355 1217 1410 Et venerata suis fulget victoria palmis
440 1418 1435 1477 Sed via quę fuerat per quam conscendere docti
457 1484 1395 1543 Vult iuga Pernasi, nimis aspera, corpore castus
435 1546 1369 1609 Mente deos supplex votis veneratur, & ipsas
441 1611 1389 1674 Mundi blanditias pede proterit, omnia censet
441 1680 1295 1735 Secula quę pandunt ludibria dulcia virus
438 1742 1273 1801 Nec cibus ille suo fuerat gustatus ab ore
439 1808 1418 1874 Corpora qui morbis distentet crimine mente
439 1874 1215 1930 Exagiter sedo putri dum tabe resudat
452 1941 1282 1999 Abstinet, & modico iuiunia sedula seruat
439 2011 1290 2070 Ipse cibo verbis semper potuqʒ modestus
181 361 412 400 Uirilis etatis
184 412 347 444 descriptio,
175 563 430 619 Carminis ꝑitia
184 826 427 864 Promotio in ma
179 872 310 908 gistrum
159 1911 422 1966 Cibi abstine~tia.
