1854 2398
122 162 1222 245 TRES PARTES EPISTOLE COMPLECTENS
58 237 1296 325 tua non cesserint, et vt exinde quisque te desipere censeat pro
55 297 939 378 fecto facis. AB ADMOMITIONE
57 373 1290 454 HAVD liquido intelligo suopte ne an alieno inductus con-
53 436 1295 528 silio instantius adhortaris vt ad illustris principis nostri, curi-
57 500 1296 584 am sine vlla me deliberatione reciperem, presertim cum ad id
65 571 1296 655 eius gratia singulari non tam inuitari tibi videor quam adigi, eam-
58 634 1296 730 que me conditione recusantem nulla ratione dicis apud te ex-
63 703 623 772 cusatum iri. ALIVD.
73 764 1296 857 ¶ Opportune suades et pro amicitia vetere consulis perquam
61 832 1303 920 scite vt disciplinarum bonarum commoda omnino preferam his emo
63 900 1292 985 lumentis vniuersis, quę ex officina curę familiaris et rei do-
58 963 1288 1049 mesticę forent euentura, emanaturaque, perinde et admones
65 1021 1295 1115 vt reliquum vitę sub earundem disciplinarum iugi inuestigatione
59 1084 982 1171 splendidius traducerem. CONTRARIA.
61 1157 1296 1246 NOLVISTI ea humanitate in me vti, vt ex te nouissem inter
63 1220 1307 1309 tot parentum instructas insidias in vtram mihi partem fuerat
69 1290 1295 1374 diuertendum, cum singulas percalluisse prior omnium diceris:
63 1350 1304 1438 Qua in re illud oportunum mihi fore intueor; vt te negligentissi
61 1413 1200 1500 mum esse mei fuisseque semper intelligam. ALIVD.
62 1486 1303 1565 ¶ Nulla ratione, nullisque te vti video consilijs tuis in rebus quae
54 1546 1294 1627 proposita in eis necessitate ardua et admodum cura difficili non
59 1613 1304 1691 adeo temere negligende tibi forent. Iccirco vereor aliquod
66 1674 1220 1754 inde precipicium euenturum aliquando plurimo malo tuo.
63 1737 1291 1819 A SPE SINGULARE iudicium sperandi de te colligere
57 1798 1292 1879 me fecisti, et hanc rationem habere certissimam ex meritorum tuorum
58 1870 1299 1943 crebritate quę in me vberrime et cumulata fateor et abun-
62 1933 1300 2012 dantius quam meruerim fusa extitisse vt si quotiens necessitate
62 2003 1303 2103 te adactum me esse dinoueris non deferas opem tuam implorantem
