1844 2416
693 154 1548 248 IO. SA. EPISTOLAE EXEMPLARIS
509 256 1733 328 de obedientia vestra fuerim semper opinatus. Verum quamuis
511 326 1725 397 nullo teste firme fidei affirmat mu id habeam, quum ad ma-
517 389 1732 467 la credenda tamen quisque (cuius presertim interest) facilis est,
504 455 1732 534 non possum aliquid rei ad id ex vobis non esse datum non putare.
518 519 1741 599 Volo vos post hac ita vestri fore sollicitos, vt contemplatione
519 590 1747 667 magistralis precepti mei minimam occasionem malefaciendi ne-
509 660 1016 730 mini prebeatis. Valete.
725 703 1565 785 IO. SA. EISDEM SALVTEM.
477 789 638 934 L
667 770 1741 852 AVDO quidem discendi semina, vestris in animis pul
640 845 1752 924 chras iam agere radices, ex quibus futura sit emanatu-
ra seges commoditatis pulcherrime, laudaboque vehementius,
525 975 1752 1044 dummodo indies coaluerint. Recte nempe persuasum iri vobis
529 1041 1758 1114 video (quid ex me flagitatim concupitis) de varia lege litera
521 1100 1741 1182 rum missilium vultis vobis prouideri, quam grate quamque lubenter id fa-
533 1167 1749 1237 ciam, vt nobili vestro desyderio, hac officij ratione pro virili
531 1244 1067 1312 mea respondeam. Valete,
578 1289 1713 1370 IACOBVS FESTVS DIVO IOANNIALBERTO
656 1358 1642 1426 IMPERATORI SCITICI EXERCITVS RE
765 1417 1500 1491 VERENTIAM ET SALVTEM.
461 1498 682 1627 T
699 1484 1764 1563 VA me illustris humanitas optime princeps et apud
691 1554 1754 1628 omnes laudata virtus, tanta fiducia facit locupletem,
550 1616 1775 1693 vt literis votisque meis coram locum esse et adhiberi gratiam om
545 1687 1766 1759 nino certum habeam. Ad quę reuerenter exhibenda iniurię pa-
539 1751 1778 1821 ternę intolerabilis acritudo (cuius me miseret) me sollicitat
547 1816 1772 1892 et impellit. Quam in adiutorio tuę illustris celsitudinis, mul-
543 1883 1760 1960 torum probitate immerito grauatam diu noui. Quum igitur tua inter-
551 1948 1760 2024 sit, ęquitatis ratione potenter obuiare temerrimis insultibus,
541 2014 1780 2109 et agere quemadmodum optimorum quorumque virtus singulari gra
