1865 2405
612 140 1617 229 IO. SACRANI MODVS EPISTOLANDI
501 217 1746 297 nefario veretur minime palam in me contumeliam plurimam effun-
505 275 1744 360 dere apud eos quorum amicitię videbar mihi vsum habuisse li-
497 348 1748 434 berrimum. ALIVD. ¶ Si recte sit que puer tuus hester-
500 408 1750 501 no vesperi non valefacto me abscesserit arbitrare, nec mihi per-
494 485 1740 565 suadere possum sibi ne an tuo iussui potius dandum id fore rear
517 574 1746 666 ☞ Ab hac itaque initiorum ratione que a personis sumpta est et
502 642 1740 718 ordine ac ductu exemplari demonstrata ab his quę circumstan-
505 696 1740 769 tię consequuntur supersunt eadem quam facile sumi poterunt et edu-
497 750 1743 832 ci. Vnde quia factum personam consequitur quo rem ipsam designa-
498 809 1737 887 mus qua de literis dicturi sumus. Vnde a facto siue ab ipsa re
501 864 1746 944 casu se ad dicendum offerente dicimur initia sumere, cum ab ea-
497 919 1733 992 dem re incipimus nulla premissa preparatione, et quoniam infinita
495 966 1733 1043 sunt quę casualiter in re dicenda veniunt vno breui ductu viam
494 1016 1661 1092 ad cetera queque scribenda facile colligemus, sic igitur ordiemur.
502 1078 1570 1153 A FACTO SECVNDO FVNDAMENTO
516 1137 1431 1214 INITIORVM ESPITOLAE
458 1213 642 1338 R
506 1195 1733 1293 EM ad te commodato datam cures quam primum proferri
497 1279 1733 1353 ad me, et ne longius ea me priues, sed effice sine vlla
486 1341 1739 1416 iniuria domum redeat, intelligeque his rogo literis tuum in restitu-
490 1406 1737 1485 tione officium desyderari, vt sic nil in causa fore dicas, quominus
487 1463 1633 1541 redire ad me debeat. ALIVD.
495 1533 1725 1612 ¶ Erras qui perscrutandis bonis artibus opinaris fortunarum
494 1585 1732 1672 mediocritatem officere qua et ratione te ab officina bonarum
482 1662 1733 1735 doctrinarum retraxisti velut prima omnium cura instituenda fo-
482 1726 1732 1806 ret cumulandis pecunijs, atque demum animum ad studia reuocare
493 1787 1725 1869 CONTRARIA. NON habeo quo scriptionis officio et di
482 1863 1725 1940 gnitati et voluptati tuę commodius inseruiam cum nec idonea vlla
478 1929 1725 2010 se hac tempestate res offere queat, quam aut gratam esse aut
478 1994 1390 2077 abs te curatam iri opporteret. ALIVD.
