1838 2403
339 172 1024 264 IOANNIS CANTII.
Et genus hominum, qua seua morte redemit
101 328 972 387 Vt comes esse queat tellurem pressit et ille
96 391 943 453 Et quibus hic esse fessus poterat releuare
105 455 1027 521 Quamuis iussus erat, spernit attentare caballos
98 521 1045 591 Atque humeris pondus proprijs imponit iturus
92 587 882 654 Ne via facilior meritis vt gratia maior.
90 648 1080 724 ¶ Nec sat erat primum sacra tangere littora terrę
90 718 905 786 Sed postquam redijt subit altera cura salutis
101 780 1040 849 Vrbe etenim Roma quę nunc sua moenia late
104 850 969 915 Terris attollit quater astitit, atque per omnes
96 914 955 975 Aedes sanctorum cucurit pro quibus ad ima
85 971 959 1038 Sic ijt et redijt macerat sic membra labore.
98 1034 1057 1109 ¶ Qui fuerant habitus vestes quo vellere texte?
86 1110 1071 1166 Non tulit hic Tyrios pannos nec murice tinctos
102 1168 1041 1241 Tegmina sed grossa lana quoque simplice tonso
93 1234 886 1300 Emacerata tegit seu corpora linea filla
85 1293 1023 1363 Nocte vigil textor non tendit quo tegat illum.
90 1363 1044 1431 ¶ Fessa ministerijs duris dum corpora mulcet
90 1432 975 1500 Aut cubat in unda tellure aut hispida pellis
101 1493 957 1564 Tarda suo cursu quam fert Iunonia pellex
96 1560 1007 1628 Tempore qua pauco dulcem facit esse saporem
90 1626 996 1691 Ergo pater coali Christus dux rector olympi
92 1688 975 1758 Dum sua perpetua conclusit lumina nocte
94 1758 1000 1828 Collocat hunc coeli solio, regnumqʒ perenne
98 1822 977 1895 Donat pro meritis, et ne gloria sua terris
96 1889 960 1961 Depereat, signis fulgentibus ecce decorat.
101 1943 1184 2029 ¶ Cędunt languores, cędunt mala noxia morbi
113 2018 1196 2118 Quos oculis plures damnauerat ipsa caligo
1330 626 1586 716 Rome quarum
1334 702 1554 774 plex visitatio
1333 1023 1549 1108 Habitus de-
1341 1101 1467 1158 scriptio
1331 1339 1538 1420 Dormitis in
1342 1412 1422 1463 terra
1341 1608 1592 1682 Primum eius co-
1346 1666 1536 1726 piosum post
1338 1715 1447 1779 mortem
1343 1934 1588 2005 Languidi per eius
1341 1987 1581 2083 merita sanantur.
