1875 2403
174 173 1280 269 TRES PARTES EPISTOLE COMPLECTENS
104 244 870 329 more inflatus, ALIVD.
114 317 1350 404 ¶ Video te non animaduertere affectum beniuolentiamque me-
104 391 1346 471 am et eius liberalitatis rationem qua pro tuo ornamento con-
102 452 1348 540 ferebam assidue quicquid honeste fieri a me potuit idque me per-
109 520 1348 606 turbat vehementer que id adeo aperte agis vt non sit qui vitio
104 582 1336 668 sissimam ingratudinis tuę pestem non norit. A DESIDERIO
98 647 1352 743 ACCEPI tuis ex literis quanto desyderio videndi et ample-
101 711 1347 806 ctendi mei tenearis id profecto te perhumane et pro illa nostra
98 780 1022 863 vetere amicita facere iudicio. ALIVD
109 849 1334 939 ¶ Cum adeo concupite deflagres quid omnino apud nos de te
98 913 1346 1001 sentiatur ex me nosse, nec tranquilo velis esse animo donec
96 975 1315 1068 id pernoueris; breui quid ita rem intellige CONTRARIA
90 1035 1332 1141 NVLLVM iudicium, nullum que in te vestigium tale considero,
86 1110 1344 1205 vnde te bonarum disciplinarum sectatorem conijcerem, vel porten-
100 1174 1339 1269 derem. Etenim in earum desiderio adeo notaris defriguisse, vt
96 1240 1328 1325 aliud nil ausim de te in anima conijcere nisi que portentuosam
86 1296 1056 1383 aliquam labem omnino intus alis. ALIVD.
89 1363 1330 1461 ¶ Dicis nolle te deinceps animo attendere ad rationem consilio
93 1431 1330 1528 rum meorum, qui vt confirmatior esses in discendi propositio, suasi
69 1496 1336 1591 creberrime, cumque tibi putaris iam nauasse omnium archana do-
89 1559 1330 1659 ctrinarum, iam iam age velut lubet decetero questurus de me
86 1622 775 1706 minime. A PETITIONE.
85 1684 1332 1782 NISI rogatus tuos haberem tam frequentes et eos honestos
90 1752 1328 1854 et auditu consyderarem esse non indignos tenuissem te fortasse
89 1818 1338 1919 longius in prorogationem voti tui occasionem ad id rationabilem
93 1887 1331 1986 ministrantibus his occupationibus publicis quibus assidue me
82 1954 1323 2051 proteri nemini dubium est. ALIVD. ¶ Video tot iam te
82 2019 1331 2149 preces in me cumulasse vt in ędes tuas me quandoque reciperem,
1129 2111 1159 2189 D
