1753 2637
744 112 1546 253 Liber Secundus
574 219 1688 355 vere sit magis. proprium habitis rationibus dubitabit vtiqʒ
571 320 1691 443 aliquis. Utrum sit idem et secundum idem scire diffinitio=
580 418 1695 552 ne et demonstratione aut impossibile. Diffinitio enim qd'
574 511 1698 632 quid est scire videtur. ꝙ quid est autem omne vniuersale est
584 605 1704 739 er predicatiuum est Sylogismi autem sunt alij quidem pri=
578 700 1698 818 uatius. Alij autem non vniuersales. puta qui quidem in se=
581 799 1701 922 cunda figura priuatim omnes sunt In tertia vero non vni=
584 900 1695 1029 uersales. Postea neqʒ eorum qui sunt in prima figura om=
584 988 1711 1122 nium est diffinitio. vt quando omnis triangulus duobus re
595 1078 1711 1213 ctis equales habet tres. Huius autem ratio est quoniam scire
590 1176 1709 1303 demonstratiue est demonstrato~em habere. quare si in talibus
595 1267 1711 1403 demonstratio est manifestuʒ ꝙ ip~orum non erit diffinitio. scit
596 1368 1707 1498 enim vtiqʒ aliquis scd'm diffinitionem non habens demo~stra
600 1463 1713 1608 tionem. Nihil enim prohibet non simul habere Sufficit au=
599 1549 1710 1702 tem fides ex inductione Nihil autem aliquando diffinientes
596 1652 1700 1809 cognoscimus neqʒ eorum que per se sunt neqʒ que scd'm acci=
596 1738 1710 1891 dens. Amplius si diffinitio substantie alicuius notificatio est
599 1840 1711 2090 huiusmodi manifestum est ꝙ non sunt substantie. Quoniam
