2863 3689
1059 161 2277 274 Ordinatio consiliariorum Regis inter Bresth Byzescze
1069 222 2461 328 et Radzcow civitates facta super Radzieyow
1079 256 1515 316 foro septimanali
547 185 2473 393 In nomine Domini amen ad perpetuam rei memoriam Quoniam omnia acta mundi subito
618 322 2520 418 avida detergetur oblivio nisi ea litterarum solliditas et testium annotacio memorie comendaret
648 369 2591 475 eviterne proinde nos Kazmirus tercius dei gracia Rex Polonie necnon terrarum Cracovie Sando
604 419 2618 558 mirie Siradie Lancicie Cuyavie magnus dux Lytphanie Pomeranieque dominus et heres Rusie etc.
617 472 2549 587 significamus presentis tenore universis et singulis presentibus et futuris harum noticiam habituris
627 525 2597 644 quomodo attendentes varias dissensiones et controversias inter civitates nostras Bresth
627 588 2511 687 ab uno et Radzeow incolasque earundem civitatum ab altera partibus pro eo et ex eo
633 640 2617 782 quod incole civitatum predictaum utrimque inter se ad fora communia sive septimanalia
578 694 2603 827 cum omnibus videruntur rebus et mercibus quibuscumque unius civitatis incole at
615 746 2573 891 in dampnum alterius consweverant equitari jam a multis et retroactis temporibus periculose
623 806 2660 925 uberius et usque in presentes dies vergentes quibus providere salubrius atque easdem
635 866 2534 966 ammovere cupientes prelatis et baronibus regni nostri huiusmodi differencias
620 935 2560 1037 revidere et pertractare comisimus qui visis et auditis contatū predictarum juribus
623 973 2515 1094 de voluntate sciencia et consensu nostris ac vigore nostro super predictis differenciis
624 1030 2597 1160 tali modo decreverunt huiusmodi ordinacionem inter ipsas civitates perpetuo observandam
605 1097 2658 1211 fecerunt et constituerut quod videlicet incole civitatis Brestensis ad opidum Radzeow
641 1147 2650 1281 ad fora septimanalia cum rebus mercimonialibus cuiuscumque generis vel specyei fuerint
637 1198 2643 1352 equitabunt libere semel in septimana eciam predcti cives nostri Brescenses pannum
641 1264 2650 1392 cuiuscumque coloris aut precii fuerit in ulnas mensurando et cidendo libere vendent
619 1326 2594 1475 excepto tamen quod pannos leviores et remissiores q̄m per duos grossos aut ad
620 1385 2547 1537 minus per decemtercianos ad huiusmodi fora septimanallia ducere et vendere penitus
630 1444 2646 1582 non debebunt similiter et carnifices predicte nostre civitatis Bresth cum quibuscumque
636 1506 2513 1686 peccorum et peccudum carnibus ad forum iam dictum septimanale equitandi carnes
613 1567 2535 1718 vendendi plenam habebunt potestatem demptis ductoribus salis alias prasoli necnon
622 1629 2567 1796 artificibus sutoribus aliorisque artificorum operariis quibus huiusmodi fora septi
643 1699 2564 1830 manalia visitandi aufferimus libertatem parimodo opidum Radzeow or
634 1756 2603 1905 dinacionis superius expressata per omnia puncta et articulos aput ipsos cives Bustenses
644 1828 2546 1930 utifruentur et gaudebunt viceversa illo tamen expresso quod civitates Biesth
603 1887 2544 2050 predicta ordinacione equitandi ad fora communa pannos seu res mercimoniales
648 1954 2532 2079 quascumque carnesque carnifices vendendi libertate perfruentur tam diu prout
629 2032 2544 2128 in ipsorum Brestensium civium literis a predecessoribus per ipsos obtentis est expressum
663 2101 2534 2198 et descriptum ubilibet donec opidum Radzeow murorum aut saltem lignorum clau
647 2153 2531 2267 sura circumferencialiter munitum fuerit et clausum quo facto ab huiusmodi equitaturis
662 2218 2501 2303 et ducturis pannorumque ac rerum mercimonialium nec non carnium vendicione
662 2267 2531 2355 cessabunt statuimus insuper et indicimus in predicta nostra civitate Bresthensi duo
655 2314 2538 2460 fora annualia singulis annis primum in festo Sancti Stanislai in mayo
659 2387 2538 2501 secundum in festo Sancti Michaelis d in autumno celebranda dumtaxat et
638 2450 2523 2559 tenenda ad que homines cuiuscumque condicionis et preeminencie existant cum
611 2497 2582 2620 rebus et mercanciis eorum quibusvis venendi standi morandi ac easdem
639 2582 2505 2699 vendendi res pro rebus commutandi plenam et omnimodam habebunt potestatem in
640 2651 2519 2777 cuius rei testimonium sigillum nostrum presentibus est appensum actum et datum in
601 2712 2502 2822 Nyeschewa sabbato ante festum Invencionis Sancte Crucis anno Domini
642 2779 2483 2891 millesimo quadringentesimo quinquagesimo presentibus ibidem reverendissimo
627 2841 2565 2948 ac reverendo in Christo patribus dominis Wladislao Sancte ecclesie Gneznensis archiepiscopo
621 2899 2554 3025 et primate et Andrea Poznaniensi  episcopo nec non magnificis et genrosis Luca
598 2970 2560 3064 de Gorca Poznaniensi Jerando de Grabie Siradiensi Johanne de Creth
612 3036 2536 3146 kow Brescensi Bugussio de Oporowo Juniwladislaviensi palatinis et
585 3053 2651 3212 aliis quampluribus fidedignis testibus circa premissa datum per manus magnificorum
554 3138 2658 3294 Johannis Coneczpole  et Petri Cancelarii et Petri de Szczecociny regni Polonie
593 3245 1296 3364 sincere nobis dilectorum
1395 3242 2619 3383 Relacio magfici Johannis de Coneczpole Regni Polonie
1463 3325 2299 3461 cancellarius et capitaneus Siradiensis
