2916 3742
1390 191 2637 532 Pro inquisitore heretice pravitatis
610 291 2634 622 Kazimirus Dei gratia rex Polonie magnus dux Litwanie Russie etc. universis
750 557 2640 691 singulis capitaneis burgrabiis castellanis procuratoribus generalibus viceprocuratoribus
615 631 2664 736 advocatis consulibus scabinis et aliis officialibus terrarum castrorum civitatum
679 688 2607 807 opidorum ubilibet inter dominium nostrum constitutis et constituendis ad quos presentes
691 743 2598 858 nostre littere pervenerint graciam regiam et omne bonum cum religiosus vir
681 822 2688 926 nosterque devotus frater Jacobus de Dzerzonow sacre theologie baccalaureus ordinis fratrum
693 874 2616 1004 predicatorum de conventu Cracoviensi inquisitor heretice pravitatis in regno et terris
716 942 2682 1068 nostro dominio subiectis per wenerabilem et religiosum fratrem Jacobum de Bithgostia
687 1011 2656 1119 eiusdem facultatis professorem provincialem Polonie nostrum devotum creatus
689 1068 2680 1215 ac in diocesibus Gneznensi Wladislaviensi Poznaniensi et Plocensi per reverendos in Christo
700 1133 2618 1245 dominos Johannem archiepiscopum et primatem Gneznensem Johannem Wladislaiviensem
703 1191 2610 1302 Andream Poznaniensem et Paulum Plocensem episcopos in suis diocesibus specialiter
688 1266 2651 1360 reputatus pro Dei servicio et exaltacone sancte orthodoxe fidei habeat in locis
679 1326 2628 1438 seu partibus vestre jurisdicioni commissis exercere libere officum inquisicionis
661 1378 2625 1502 ut heresis detestabile crimen a dictis partibus quibus presidemus si forsan
717 1441 2620 1557 alicubi vigeat sive moleat valeat extirpare nosque velut princeps katholicus
723 1495 2651 1621 qui de manu Altissimi multa bona accepimus et varios honores in predictis
702 1557 2616 1674 et aliis que dominium concernunt obsequium Conditori omnium complacere ut
727 1620 2713 1768 convenit plurimum cupientes intendimus ymo et volumus predictum inquisitorem
725 1683 2634 1805 tanquam Dei specialem ministrum nostris prosequi graciis et favoribus opportunis
615 1711 2565 1855 vobis et unicuique vestrum injungimus et districte precipiendo mandamus sub
738 1809 2667 1917 obtentu gracie nostre regalis quatenus prefatum inquisitorem ad exercendum suum
725 1876 2726 1982 libere officium inquisicionis in terris et locis vestre jurisdictioni subiectis favoabiliter
698 1939 2685 2060 admittatis et quocienscumque in exercendo dicto officio seculare brachium contigerit
654 1995 2607 2120 ipsum invocare sibi auxilium vestrum fideliter et cum effectu prebeatis capiendo et
722 2058 2645 2176 capi faciendo quoscumque dictus inquisitor de memorato facinore suspectos
738 2121 2706 2244 aut diffamatos seu eodem irretitos noverit aut duxerit nominandos captos
735 2172 2634 2270 etiam detineatis infra jurisdicionem vestram sub arta et diligenti cutodia vel
730 2235 2664 2339 etiam deducatis ad locum quem idem inquisitor mandaverit donec negocium
753 2287 2627 2391 super crimine predicto cum sit mere eclesiasticum per judicium eclesie terminetur
753 2348 2636 2455 condemnatos quoque ac curie relictos seculari statim recipiatis indilate
748 2419 2628 2525 animadversione debita puniendos necnon omnia alia studeatis adimplere
736 2486 2651 2599 que spectant ad officium vestrum juxta leges Frederici imperatoris per eclesiam
761 2565 2618 2658 approbatas et per canonica instituta prout ipse inquisitor decreverit et
753 2604 2592 2716 quotiens vos duxerit requirendos non obstantibus privilegiis libertatibus et
774 2669 2718 2813 exempcionibus seu litteris promisse securitatis quibuscumque personis cuiuscumque
761 2737 2661 2852 condicionis dignitatis aut gradus existant tam Christianorum quam Judeorum
769 2811 2703 2936 scismatorum et aliorum contra fidem katholicam delinquencium seu communitatibus
771 2861 2706 3010 eorum aut universitatibus terrarum civitatum et locorum generaliter vel specialiter
759 2922 2660 3062 sub quacumque ver̕borum expressione per nos aut alios serenissimos principes
709 2982 2699 3117 reges et dominos terrarum regni Polonie aut ipsorum subditis in contrarium
743 3044 2726 3190 alicujus premissorum concessis vel imposterum concedendis nolentes ex huiusmodi
750 3113 2721 3271 privilegiis exempcionibus seu consuetudinibus municipalibus et provincialibus
752 3171 2658 3342 et libertatibus seu quibuslibet promissionibus securitatis mandatisque et
