<?xml version="1.0" encoding="UTF-8" standalone="yes"?>
<PcGts xmlns="http://schema.primaresearch.org/PAGE/gts/pagecontent/2013-07-15" xmlns:xsi="http://www.w3.org/2001/XMLSchema-instance" xsi:schemaLocation="http://schema.primaresearch.org/PAGE/gts/pagecontent/2013-07-15 http://schema.primaresearch.org/PAGE/gts/pagecontent/2013-07-15/pagecontent.xsd">
    <Metadata>
        <Creator>prov=University of Rostock/Institute of Mathematics/CITlab|PLANET AI GmbH/Tobias Gruening/tobias.gruening@planet-ai.de:name=/net_tf/LA73_249_0mod360.pb:de.uros.citlab.segmentation.CITlab_LA_ML:v=2.6.7
Transkribus</Creator>
        <Created>2022-10-04T12:37:37.667+02:00</Created>
        <LastChange>2023-03-28T08:45:13.405+02:00</LastChange>
        <TranskribusMetadata docId="1331117" pageId="52272756" pageNr="2" tsid="117584766" status="DONE" userId="90548" imgUrl="https://files.transkribus.eu/Get?id=NTUZILRKLOCEBLGFSDZHJHRW&amp;fileType=view" xmlUrl="https://files.transkribus.eu/Get?id=VXVYDXOUBPROPJYOOBECWTTO" imageId="39301618"/>
    </Metadata>
    <Page imageFilename="PL_1_4_1-10_0109.jpg" imageWidth="2916" imageHeight="3742">
        <ReadingOrder>
            <OrderedGroup id="ro_1681819423952" caption="Regions reading order">
                <RegionRefIndexed index="0" regionRef="TextRegion_1664880480280_1040"/>
                <RegionRefIndexed index="1" regionRef="TextRegion_1664880480278_1039"/>
            </OrderedGroup>
        </ReadingOrder>
        <TextRegion orientation="0.0" id="TextRegion_1664880480280_1040" custom="readingOrder {index:0;}">
            <Coords points="343,204 2552,229 2534,1709 325,1684"/>
            <TextLine id="r4l3" custom="readingOrder {index:0;}">
                <Coords points="444,345 432,378 449,384 473,356 532,348 621,349 710,351 799,353 859,370 888,354 938,370 977,355 1066,357 1070,368 1155,358 1170,375 1227,375 1244,358 1333,360 1421,360 1510,361 1599,361 1656,376 1687,361 1777,361 1866,361 1983,372 2044,360 2133,360 2157,367 2277,356 2364,387 2383,364 2383,307 2133,303 2097,282 2004,282 1955,304 1889,279 1777,304 1688,304 1599,304 1518,283 1421,303 1333,303 1244,301 1202,302 1155,301 1070,274 1041,276 977,298 888,297 799,296 760,277 668,259 612,265 545,276 523,279 444,288"/>
                <Baseline points="444,326 532,329 621,330 710,332 799,334 888,335 977,336 1066,338 1155,339 1244,339 1333,341 1421,341 1510,342 1599,342 1688,342 1777,342 1866,342 1955,342 2044,341 2133,341 2222,341"/>
                <TextEquiv>
                    <Unicode>prohibicionibus prefato inquisitori in tanto pyetatis negocio quodcumque</Unicode>
                </TextEquiv>
            </TextLine>
            <TextLine id="r4l4" custom="readingOrder {index:1;}">
                <Coords points="456,398 523,423 638,404 729,406 820,407 912,409 1003,410 1094,410 1185,412 1276,413 1347,431 1459,415 1550,415 1641,416 1732,417 1824,418 1915,420 2006,422 2097,424 2214,450 2425,429 2425,386 2173,361 2097,381 2000,365 1925,362 1849,359 1717,353 1641,373 1585,355 1459,372 1368,370 1276,370 1185,369 1046,346 1003,367 912,366 820,364 729,363 640,338 547,358 456,355"/>
                <Baseline points="456,384 547,387 638,390 729,392 820,393 912,395 1003,396 1094,396 1185,398 1276,399 1368,399 1459,401 1550,401 1641,402 1732,403 1824,404 1915,406 2006,408 2097,410 2188,413 2280,414"/>
                <TextEquiv>
                    <Unicode>obstaculum aut impedimentum interponi directe vel indirecte ut autem prefatus</Unicode>
                </TextEquiv>
            </TextLine>
            <TextLine id="r4l5" custom="readingOrder {index:2;}">
                <Coords points="444,472 547,480 616,486 754,480 857,477 945,469 1027,487 1139,470 1261,486 1348,484 1424,490 1526,475 1623,476 1720,476 1817,478 1913,479 2010,481 2165,503 2204,485 2434,491 2434,449 2204,443 2107,440 1991,410 1913,437 1817,436 1739,408 1623,426 1526,425 1378,431 1322,411 1236,430 1132,405 1042,410 887,407 849,424 774,405 625,398 558,418 436,404"/>
                <Baseline points="462,443 558,446 655,449 752,450 849,452 945,455 1042,455 1139,456 1236,458 1333,459 1429,459 1526,461 1623,462 1720,462 1817,464 1913,465 2010,467 2107,468 2204,471 2301,473"/>
                <TextEquiv>
                    <Unicode>inquisitor suum inquisicionis officium securius et liberius valeat exercere nostro</Unicode>
                </TextEquiv>
            </TextLine>
            <TextLine id="r4l6" custom="readingOrder {index:3;}">
                <Coords points="435,539 564,530 658,524 756,528 855,529 969,541 1127,530 1179,557 1248,534 1346,534 1367,561 1405,565 1510,563 1542,534 1641,534 1739,534 1815,548 1908,534 2034,538 2132,541 2230,545 2328,550 2465,581 2480,505 2328,510 2278,481 2132,501 2034,498 1975,481 1858,487 1797,478 1645,483 1540,484 1444,494 1346,494 1301,487 1152,481 1051,492 972,475 855,489 783,475 658,484 566,459 462,463"/>
                <Baseline points="462,501 560,506 658,511 756,515 855,516 953,519 1051,519 1149,521 1248,521 1346,521 1444,521 1542,521 1641,521 1739,521 1837,522 1935,524 2034,525 2132,528 2230,532 2328,537 2427,542"/>
                <TextEquiv>
                    <Unicode>suffultus presidio et favore ipsum eiusque societatem et familiares ac bona</Unicode>
                </TextEquiv>
            </TextLine>
            <TextLine id="r4l7" custom="readingOrder {index:4;}">
                <Coords points="453,568 548,574 645,581 656,603 682,586 739,583 871,599 930,589 1026,591 1121,592 1166,614 1217,594 1312,594 1359,599 1406,619 1504,595 1582,593 1606,608 1669,608 1711,610 1773,614 1790,597 1846,611 1886,598 1981,600 2077,603 2205,628 2253,604 2395,642 2404,566 2284,542 2264,542 2227,532 2144,551 2077,563 2038,543 1978,536 1922,528 1886,558 1872,532 1790,557 1726,534 1695,557 1599,555 1504,555 1408,554 1312,525 1217,554 1105,519 1026,551 969,549 953,531 930,549 855,540 821,526 768,536 681,523 644,539 548,534 453,528"/>
                <Baseline points="453,555 548,561 644,566 739,570 835,573 930,576 1026,578 1121,579 1217,581 1312,581 1408,581 1504,582 1599,582 1695,584 1790,584 1886,585 1981,587 2077,590 2172,591 2268,595 2364,600"/>
                <TextEquiv>
                    <Unicode>eorum sub nostra protecione regali benigne recipimus per presentes mandamus vobis</Unicode>
                </TextEquiv>
            </TextLine>
            <TextLine id="r4l8" custom="readingOrder {index:5;} corr {offset:62; length:7;}">
                <Coords points="437,629 510,666 640,635 665,663 793,637 864,661 1016,645 1110,646 1204,648 1279,685 1389,668 1485,652 1579,654 1673,655 1767,657 1861,658 1955,660 2049,662 2143,664 2237,668 2331,672 2331,632 2237,628 2143,624 2049,622 1955,620 1861,618 1767,617 1673,615 1579,614 1485,612 1381,597 1287,595 1204,608 1110,606 1032,584 922,603 842,590 734,598 640,595 555,563 394,559"/>
                <Baseline points="453,615 546,620 640,622 734,625 828,628 922,630 1016,632 1110,633 1204,635 1298,636 1392,638 1485,639 1579,641 1673,642 1767,644 1861,645 1955,647 2049,649 2143,651 2237,655 2331,659"/>
                <TextEquiv>
                    <Unicode>ut supra quod dicto inquisitori eiusque societati notariis et familie nullam</Unicode>
                </TextEquiv>
            </TextLine>
            <TextLine id="line_1664880558952_1063" custom="readingOrder {index:6;}">
                <Coords points="450,651 799,635 830,654 965,662 1158,649 1234,651 1236,679 1366,677 1402,654 1889,674 1901,654 1922,670 2047,671 2070,656 2097,677 2241,671 2261,683 2342,686 2369,689 2396,695 2396,741 2194,723 2139,745 2030,717 1792,715 1750,740 1723,712 1034,709 992,734 918,726 899,705 857,692 719,700 680,693 644,712 600,695 539,694 425,692"/>
                <Baseline points="450,678 539,681 629,684 719,687 809,689 899,692 989,693 1078,695 1168,696 1258,698 1348,699 1438,700 1528,701 1618,702 1707,703 1797,704 1887,705 1977,707 2067,708 2157,709 2247,710 2261,714 2288,716 2315,717 2342,717 2369,720 2396,726"/>
                <TextEquiv>
                    <Unicode>iniuriam nullumque gravamen aut damnum aut periculum aliquod in</Unicode>
                </TextEquiv>
            </TextLine>
            <TextLine id="r4l11" custom="readingOrder {index:7;}">
                <Coords points="430,780 475,746 501,783 526,749 533,751 607,751 635,774 681,744 843,760 940,763 1037,764 1099,785 1133,766 1230,767 1305,793 1337,782 1427,798 1520,770 1617,772 1714,773 1810,775 1867,807 1907,778 1928,808 2004,781 2079,815 2100,784 2197,788 2287,821 2294,793 2391,799 2391,759 2312,721 2281,746 2200,744 2100,744 2031,733 2002,711 1910,719 1810,735 1772,716 1714,733 1617,727 1520,730 1446,712 1327,727 1230,727 1133,726 1038,719 940,723 870,719 850,691 843,720 740,691 663,689 637,714 551,707 430,696"/>
                <Baseline points="468,734 564,737 661,741 758,744 854,746 951,749 1048,750 1144,752 1241,753 1338,753 1435,755 1531,756 1628,758 1725,759 1821,761 1918,764 2015,767 2111,770 2208,774 2305,779 2402,785"/>
                <TextEquiv>
                    <Unicode>personis sive in bonis a quocumque inferri permittatis ymmo pro nostra</Unicode>
                </TextEquiv>
            </TextLine>
            <TextLine id="r4l12" custom="readingOrder {index:8;} faded {offset:75; length:3;}">
                <Coords points="433,854 559,815 581,848 638,809 656,817 700,815 753,818 850,820 947,821 964,849 1044,823 1141,825 1238,827 1254,857 1335,829 1432,830 1529,833 1595,864 1626,835 1723,838 1820,841 1917,844 2014,848 2111,853 2208,859 2305,863 2314,900 2506,879 2502,813 2305,820 2208,816 2111,810 2014,805 1917,801 1820,798 1802,776 1723,795 1636,765 1626,792 1529,790 1432,787 1335,786 1238,784 1218,759 1141,782 1044,780 978,759 947,778 923,752 850,777 801,746 753,775 685,748 656,774 604,767 543,740 441,765"/>
                <Baseline points="462,798 559,801 656,803 753,804 850,806 947,807 1044,809 1141,811 1238,813 1335,815 1432,816 1529,819 1626,821 1723,824 1820,827 1917,830 2014,834 2111,839 2208,845 2305,849 2402,855"/>
                <TextEquiv>
                    <Unicode>speciali gracia eidem de securo transitu necnon salvo conductu quando et qu...</Unicode>
                </TextEquiv>
            </TextLine>
            <TextLine id="r4l13" custom="readingOrder {index:9;} corr {offset:11; length:12;}">
                <Coords points="427,923 563,880 659,882 755,884 844,907 946,887 1057,906 1137,890 1233,891 1344,926 1425,896 1520,897 1616,900 1712,902 1811,928 1903,908 2024,942 2094,917 2190,922 2286,927 2413,941 2411,869 2286,881 2199,860 2094,871 1999,866 1837,837 1807,859 1712,856 1616,854 1520,851 1407,832 1329,847 1233,845 1136,827 1042,842 946,841 858,818 755,838 648,802 563,834 457,830"/>
                <Baseline points="468,863 563,865 659,867 755,869 850,870 946,872 1042,873 1137,875 1233,876 1329,878 1425,881 1520,882 1616,885 1712,887 1807,890 1903,893 1999,897 2094,902 2190,907 2286,912 2382,920"/>
                <TextEquiv>
                    <Unicode>per dictum inquisitorem fueritis requisiti una cum expensis competentibus dum</Unicode>
                </TextEquiv>
            </TextLine>
            <TextLine id="r4l14" custom="readingOrder {index:10;} faded {offset:70; length:3;}">
                <Coords points="431,931 431,991 485,952 546,947 639,948 733,951 814,970 856,942 884,972 980,956 1059,954 1115,977 1200,959 1294,960 1344,991 1387,962 1480,965 1574,966 1636,980 1686,979 1761,971 1854,974 1948,978 2041,981 2135,987 2152,1010 2228,992 2281,1027 2393,1000 2413,947 2228,946 2187,916 2135,941 2087,926 1948,932 1854,928 1811,917 1748,910 1667,923 1574,920 1480,919 1387,916 1294,914 1226,889 1179,895 1107,911 1018,889 920,882 826,907 728,882 639,902 546,901 453,898"/>
                <Baseline points="453,929 546,932 639,933 733,936 826,938 920,939 1013,941 1107,942 1200,944 1294,945 1387,947 1480,950 1574,951 1667,954 1761,956 1854,959 1948,963 2041,966 2135,972 2228,977 2322,981"/>
                <TextEquiv>
                    <Unicode>predictum inquisicionis officium aput vos exercebit cantative sibi pro...</Unicode>
                </TextEquiv>
            </TextLine>
            <TextLine id="r4l15" custom="readingOrder {index:11;} faded {offset:66; length:3;}">
                <Coords points="438,1005 501,1038 656,1012 748,1015 784,1012 821,1045 854,1012 933,1019 1026,1021 1108,1036 1118,1022 1211,1022 1303,1024 1396,1025 1408,1056 1433,1033 1489,1027 1581,1030 1674,1031 1766,1035 1859,1038 1951,1042 2080,1071 2136,1053 2229,1061 2267,1087 2353,1076 2387,1019 2255,1014 2230,991 2136,1011 2106,979 2044,1006 2036,972 1940,984 1859,996 1766,993 1674,989 1581,988 1524,958 1478,982 1396,983 1303,982 1211,980 1197,953 1122,974 1052,949 1027,942 1011,949 983,965 889,972 865,933 841,975 719,954 656,970 551,953 469,953"/>
                <Baseline points="471,990 563,995 656,998 748,1001 841,1003 933,1005 1026,1007 1118,1008 1211,1008 1303,1010 1396,1011 1489,1013 1581,1016 1674,1017 1766,1021 1859,1024 1951,1028 2044,1034 2136,1039 2229,1047 2322,1055"/>
                <TextEquiv>
                    <Unicode>juxta modum laudabilem aliarum provinciarum circa talia fieri cons...</Unicode>
                </TextEquiv>
            </TextLine>
            <TextLine id="r4l16" custom="readingOrder {index:12;}">
                <Coords points="410,1070 527,1101 548,1070 595,1092 741,1075 837,1084 903,1080 936,1103 1028,1079 1123,1081 1219,1082 1314,1084 1321,1089 1407,1075 1506,1087 1601,1088 1685,1117 1735,1096 1792,1094 1888,1099 1970,1134 1983,1104 2079,1109 2138,1138 2174,1116 2270,1124 2366,1135 2412,1073 2270,1082 2174,1074 2079,1067 1998,1043 1961,1045 1907,1035 1842,1036 1792,1052 1716,1026 1697,1049 1601,1046 1529,1026 1506,1045 1468,1021 1410,1043 1366,1015 1338,1019 1310,1017 1225,1017 1185,1026 1123,1039 1062,1035 1015,1008 932,1037 837,1036 821,1010 741,1033 660,1010 646,1031 550,1028 434,1021"/>
                <Baseline points="455,1053 550,1056 646,1059 741,1061 837,1064 932,1065 1028,1065 1123,1067 1219,1068 1314,1070 1410,1071 1506,1073 1601,1074 1697,1077 1792,1080 1888,1085 1983,1090 2079,1095 2174,1102 2270,1110 2366,1121"/>
                <TextEquiv>
                    <Unicode>et presertim in hoc specialem nostre celsitudini complacenciam faciatis si ad</Unicode>
                </TextEquiv>
            </TextLine>
            <TextLine id="r4l17" custom="readingOrder {index:13;} faded {offset:67; length:3;}">
                <Coords points="449,1133 497,1161 542,1135 636,1138 729,1139 823,1139 847,1166 917,1141 1010,1142 1104,1144 1153,1168 1291,1145 1385,1147 1422,1171 1478,1149 1572,1151 1643,1180 1665,1153 1759,1157 1853,1160 1858,1183 1887,1162 1946,1165 1989,1192 1999,1169 2040,1171 2133,1177 2227,1183 2230,1204 2459,1202 2480,1120 2239,1122 2209,1136 2133,1135 2040,1129 1991,1105 1946,1123 1853,1118 1759,1115 1665,1111 1572,1109 1478,1107 1422,1071 1385,1105 1342,1080 1291,1103 1197,1102 1104,1102 1010,1100 975,1080 917,1099 823,1097 729,1097 651,1087 553,1068 532,1089 413,1075"/>
                <Baseline points="449,1119 542,1121 636,1124 729,1125 823,1125 917,1127 1010,1128 1104,1130 1197,1130 1291,1131 1385,1133 1478,1135 1572,1137 1665,1139 1759,1143 1853,1146 1946,1151 2040,1157 2133,1163 2227,1169 2321,1178"/>
                <TextEquiv>
                    <Unicode>repellendam a partibus regni nostri heretice pravitatis infamiam ha...</Unicode>
                </TextEquiv>
            </TextLine>
            <TextLine id="r4l18" custom="readingOrder {index:14;} corr {offset:11; length:10;}">
                <Coords points="450,1193 544,1195 638,1197 747,1218 826,1199 920,1201 1014,1201 1108,1202 1202,1204 1296,1205 1356,1231 1503,1231 1578,1211 1615,1232 1709,1235 1860,1227 1954,1226 2048,1231 2090,1255 2297,1288 2475,1360 2382,1185 2236,1203 2142,1196 2050,1182 1943,1159 1858,1171 1706,1148 1672,1172 1578,1169 1532,1141 1390,1165 1296,1163 1205,1148 1108,1160 1018,1143 917,1133 870,1162 744,1145 627,1131 544,1153 450,1151"/>
                <Baseline points="450,1179 544,1181 638,1183 732,1184 826,1185 920,1187 1014,1187 1108,1188 1202,1190 1296,1191 1390,1193 1484,1194 1578,1197 1672,1200 1766,1203 1860,1207 1954,1212 2048,1217 2142,1224 2236,1231 2331,1241"/>
                <TextEquiv>
                    <Unicode>de nostris regnicolis inauditam prefato inquisitori fideliter in premissis</Unicode>
                </TextEquiv>
            </TextLine>
            <TextLine id="r4l19" custom="readingOrder {index:15;}">
                <Coords points="434,1257 506,1281 647,1256 683,1285 832,1257 940,1285 1017,1259 1109,1262 1141,1297 1294,1267 1387,1270 1480,1273 1543,1299 1665,1281 1757,1285 1850,1289 1942,1295 2035,1300 2127,1305 2234,1355 2388,1314 2365,1271 2220,1268 2127,1263 2035,1258 1956,1236 1850,1247 1763,1232 1665,1239 1573,1220 1480,1231 1387,1228 1288,1201 1202,1222 1109,1220 1017,1217 924,1216 832,1215 739,1214 647,1214 567,1183 462,1214"/>
                <Baseline points="462,1242 554,1242 647,1242 739,1242 832,1243 924,1244 1017,1245 1109,1248 1202,1250 1294,1253 1387,1256 1480,1259 1572,1263 1665,1267 1757,1271 1850,1275 1942,1281 2035,1286 2127,1291 2220,1296 2313,1302"/>
                <TextEquiv>
                    <Unicode>assistendo opem et operam prestiteritis efficacem datum Cracovie feria</Unicode>
                </TextEquiv>
            </TextLine>
            <TextLine id="r4l20" custom="readingOrder {index:16;}">
                <Coords points="459,1326 553,1326 648,1324 742,1325 837,1326 931,1327 1026,1329 1120,1330 1215,1333 1309,1336 1404,1339 1498,1342 1593,1347 1687,1351 1782,1356 1876,1361 1971,1366 2065,1372 2160,1379 2254,1384 2349,1392 2349,1344 2254,1336 2160,1331 2065,1324 1971,1318 1876,1313 1782,1308 1687,1303 1593,1299 1498,1294 1404,1291 1309,1288 1215,1285 1120,1282 1026,1281 931,1279 837,1278 742,1277 648,1276 553,1278 459,1278"/>
                <Baseline points="459,1310 553,1310 648,1308 742,1309 837,1310 931,1311 1026,1313 1120,1314 1215,1317 1309,1320 1404,1323 1498,1326 1593,1331 1687,1335 1782,1340 1876,1345 1971,1350 2065,1356 2160,1363 2254,1368 2349,1376"/>
                <TextEquiv>
                    <Unicode>sexta proxima ante festum Purificacionis Sancte Marie Virginis anno Domini</Unicode>
                </TextEquiv>
            </TextLine>
            <TextLine id="r4l21" custom="readingOrder {index:17;}">
                <Coords points="348,1437 537,1394 609,1444 667,1396 762,1452 797,1397 862,1399 933,1444 991,1402 1064,1449 1121,1405 1204,1424 1251,1408 1319,1440 1388,1457 1448,1425 1510,1417 1581,1463 1640,1422 1705,1424 1770,1427 1770,1375 1679,1352 1640,1370 1575,1368 1510,1365 1454,1346 1380,1360 1316,1359 1251,1356 1186,1354 1121,1353 1083,1330 991,1350 926,1348 862,1347 801,1330 732,1344 671,1344 606,1330 554,1318 366,1335"/>
                <Baseline points="473,1377 537,1377 602,1377 667,1379 732,1379 797,1380 862,1382 926,1383 991,1385 1056,1386 1121,1388 1186,1389 1251,1391 1316,1394 1380,1395 1445,1397 1510,1400 1575,1403 1640,1405 1705,1407 1770,1410"/>
                <TextEquiv>
                    <Unicode>millesimo quadringentesimo quinquagesimo quarto</Unicode>
                </TextEquiv>
            </TextLine>
            <TextLine id="r4l22" custom="readingOrder {index:18;}">
                <Coords points="1412,1644 1549,1580 1600,1582 1651,1584 1702,1586 1706,1612 1818,1610 1855,1587 1897,1618 1957,1586 1980,1600 2072,1622 2110,1584 2161,1584 2212,1584 2263,1586 2314,1586 2365,1587 2416,1590 2467,1593 2519,1596 2519,1539 2467,1536 2443,1502 2344,1484 2314,1529 2263,1529 2212,1527 2161,1527 2113,1445 1877,1360 1788,1435 1946,1500 1906,1530 1855,1530 1804,1530 1753,1530 1702,1529 1651,1527 1725,1477 1749,1425 1498,1425"/>
                <Baseline points="1496,1554 1547,1559 1598,1561 1649,1563 1700,1565 1751,1566 1802,1566 1853,1566 1904,1566 1955,1565 2006,1565 2057,1565 2108,1563 2159,1563 2210,1563 2261,1565 2312,1565 2363,1566 2414,1569 2465,1572 2517,1575"/>
                <TextEquiv>
                    <Unicode>relacio magnifici Johannis de Cony[...]</Unicode>
                </TextEquiv>
            </TextLine>
            <TextLine id="r4l23" custom="readingOrder {index:19;}">
                <Coords points="1474,1752 1557,1660 1606,1663 1663,1725 1729,1676 1751,1665 1805,1720 1848,1663 1897,1663 1945,1662 1994,1660 2043,1660 2091,1659 2140,1658 2188,1657 2237,1657 2285,1659 2316,1671 2464,1776 2431,1665 2480,1669 2480,1612 2431,1608 2383,1548 2334,1603 2265,1584 2217,1582 2188,1600 2112,1572 2076,1602 2043,1603 1994,1603 1945,1605 1872,1555 1848,1606 1800,1608 1751,1608 1703,1608 1687,1575 1594,1568 1557,1603 1509,1600"/>
                <Baseline points="1509,1638 1557,1641 1606,1644 1654,1644 1703,1646 1751,1646 1800,1646 1848,1644 1897,1644 1945,1643 1994,1641 2043,1641 2091,1640 2140,1639 2188,1638 2237,1638 2285,1640 2334,1641 2382,1643 2431,1646 2480,1650"/>
                <TextEquiv>
                    <Unicode>pole regni Polonie cancellarii etc.</Unicode>
                </TextEquiv>
            </TextLine>
            <TextEquiv>
                <Unicode>prohibicionibus prefato inquisitori in tanto pyetatis negocio quodcumque
obstaculum aut impedimentum interponi directe vel indirecte ut autem prefatus
inquisitor suum inquisicionis officium securius et liberius valeat exercere nostro
suffultus presidio et favore ipsum eiusque societatem et familiares ac bona
eorum sub nostra protecione regali benigne recipimus per presentes mandamus vobis
ut supra quod dicto inquisitori eiusque societati notariis et familie nullam
iniuriam nullumque gravamen aut damnum aut periculum aliquod in
personis sive in bonis a quocumque inferri permittatis ymmo pro nostra
speciali gracia eidem de securo transitu necnon salvo conductu quando et qu...
per dictum inquisitorem fueritis requisiti una cum expensis competentibus dum
predictum inquisicionis officium aput vos exercebit cantative sibi pro...
juxta modum laudabilem aliarum provinciarum circa talia fieri cons...
et presertim in hoc specialem nostre celsitudini complacenciam faciatis si ad
repellendam a partibus regni nostri heretice pravitatis infamiam ha...
de nostris regnicolis inauditam prefato inquisitori fideliter in premissis
assistendo opem et operam prestiteritis efficacem datum Cracovie feria
sexta proxima ante festum Purificacionis Sancte Marie Virginis anno Domini
millesimo quadringentesimo quinquagesimo quarto
relacio magnifici Johannis de Cony[...]
pole regni Polonie cancellarii etc.</Unicode>
            </TextEquiv>
        </TextRegion>
        <TextRegion orientation="0.0" id="TextRegion_1664880480278_1039" custom="readingOrder {index:1;}">
            <Coords points="375,1717 2608,1717 2542,3124 309,3124"/>
            <TextLine id="r4l24" custom="readingOrder {index:0;}">
                <Coords points="969,1755 991,1778 1031,1780 1064,1774 1070,1766 1095,1768 1121,1769 1146,1770 1171,1770 1197,1770 1206,1794 1251,1761 1273,1770 1298,1770 1323,1770 1349,1770 1374,1770 1399,1771 1425,1772 1465,1717 1399,1707 1371,1702 1349,1725 1323,1725 1306,1709 1279,1701 1250,1701 1211,1703 1197,1725 1171,1725 1146,1725 1140,1702 1113,1703 1084,1702 1049,1704 1019,1717 996,1704 960,1707"/>
                <Baseline points="969,1740 994,1744 1019,1747 1045,1749 1070,1751 1095,1753 1121,1754 1146,1755 1171,1755 1197,1755 1222,1755 1247,1755 1273,1755 1298,1755 1323,1755 1349,1755 1374,1755 1399,1756 1425,1757"/>
                <TextEquiv>
                    <Unicode>Quietacio capitaneatus Lancicie</Unicode>
                </TextEquiv>
            </TextLine>
            <TextLine id="r4l26" custom="readingOrder {index:1;}">
                <Coords points="423,1823 521,1823 619,1823 717,1823 816,1825 914,1825 1012,1826 1110,1828 1209,1829 1307,1829 1405,1831 1503,1832 1602,1834 1700,1835 1798,1838 1896,1840 1995,1841 2093,1843 2191,1845 2224,1877 2388,1849 2385,1765 2289,1804 2180,1770 2093,1800 1995,1798 1896,1797 1821,1750 1702,1775 1602,1791 1503,1789 1405,1788 1253,1768 1209,1786 1110,1785 1039,1768 905,1747 816,1782 717,1780 619,1780 733,1612 427,1640"/>
                <Baseline points="423,1809 521,1809 619,1809 717,1809 816,1811 914,1811 1012,1812 1110,1814 1209,1815 1307,1815 1405,1817 1503,1818 1602,1820 1700,1821 1798,1824 1896,1826 1995,1827 2093,1829 2191,1831 2289,1833 2388,1835"/>
                <TextEquiv>
                    <Unicode>Kazimirus Dei gracia rex Polonie magnus dux Lithwanie Russie etc.</Unicode>
                </TextEquiv>
            </TextLine>
            <TextLine id="r4l27" custom="readingOrder {index:2;}">
                <Coords points="373,1901 512,1894 586,1931 714,1893 815,1893 916,1893 1017,1894 1054,1935 1118,1896 1219,1897 1273,1938 1320,1899 1396,1914 1422,1900 1506,1933 1523,1903 1624,1906 1725,1908 1822,1947 1878,1921 1927,1914 2028,1917 2207,1920 2261,1969 2331,1926 2433,1930 2433,1882 2331,1878 2205,1858 2104,1855 2028,1869 1927,1866 1778,1831 1754,1858 1624,1858 1523,1855 1397,1835 1320,1851 1219,1849 1127,1836 1012,1828 916,1845 815,1845 714,1845 613,1823 512,1846 411,1846"/>
                <Baseline points="411,1878 512,1878 613,1877 714,1877 815,1877 916,1877 1017,1878 1118,1880 1219,1881 1320,1883 1422,1884 1523,1887 1624,1890 1725,1892 1826,1895 1927,1898 2028,1901 2129,1904 2230,1907 2331,1910 2433,1914"/>
                <TextEquiv>
                    <Unicode>significamus tenore presencium quibus expedit universis recognoscentes quod dum</Unicode>
                </TextEquiv>
            </TextLine>
            <TextLine id="r4l28" custom="readingOrder {index:3;}">
                <Coords points="395,1975 520,1971 620,1970 720,1970 820,1970 921,1971 1021,1971 1124,1989 1221,1975 1321,1977 1419,1990 1521,2033 1622,1985 1769,1977 1822,1991 1923,1994 2023,1997 2123,2000 2223,2003 2323,2006 2426,2026 2424,1955 2382,1921 2223,1949 2123,1946 2023,1943 1923,1940 1822,1937 1722,1934 1553,1899 1522,1928 1422,1926 1321,1923 1221,1921 1121,1919 1021,1917 899,1893 820,1916 720,1916 620,1916 551,1890 420,1919"/>
                <Baseline points="420,1955 520,1953 620,1952 720,1952 820,1952 921,1953 1021,1953 1121,1955 1221,1957 1321,1959 1422,1962 1522,1964 1622,1967 1722,1970 1822,1973 1923,1976 2023,1979 2123,1982 2223,1985 2323,1988 2424,1991"/>
                <TextEquiv>
                    <Unicode>racionem cum strenuo Michaeli Lassogsky succamerario Dobrinensi</Unicode>
                </TextEquiv>
            </TextLine>
            <TextLine id="r4l29" custom="readingOrder {index:4;} corr {offset:33; length:10;} sic {offset:33; length:10;}">
                <Coords points="406,2041 447,2040 534,2041 600,2074 633,2043 732,2044 831,2045 933,2074 1018,2067 1091,2084 1128,2050 1240,2105 1326,2053 1426,2054 1525,2056 1624,2059 1723,2060 1822,2063 1921,2066 2020,2069 2119,2072 2218,2075 2268,2117 2417,2084 2417,2032 2317,1994 2218,2023 2050,1994 2020,2017 1921,2014 1862,1997 1760,1974 1616,1984 1543,2018 1426,2002 1328,1991 1174,1971 1128,1998 1029,1996 941,1980 831,1993 754,1968 662,1963 534,1989 435,1987"/>
                <Baseline points="435,2022 534,2024 633,2026 732,2027 831,2028 930,2030 1029,2031 1128,2033 1227,2034 1326,2036 1426,2037 1525,2039 1624,2042 1723,2043 1822,2046 1921,2049 2020,2052 2119,2055 2218,2058 2317,2063 2417,2067"/>
                <TextEquiv>
                    <Unicode>et capitaneo Lancicie super suum proventuum nobis annuatim de Lanciciensi capitaneatu</Unicode>
                </TextEquiv>
            </TextLine>
            <TextLine id="r4l30" custom="readingOrder {index:5;} sic {offset:6; length:9;}">
                <Coords points="416,2120 420,2169 453,2122 518,2119 576,2117 607,2169 639,2123 724,2120 827,2120 902,2122 923,2169 952,2125 987,2174 1008,2122 1033,2120 1136,2122 1239,2123 1279,2169 1342,2125 1445,2126 1547,2128 1643,2156 1650,2131 1753,2134 1856,2137 1959,2141 2062,2145 2165,2150 2268,2155 2293,2179 2371,2160 2412,2200 2474,2167 2474,2115 2454,2088 2371,2108 2268,2103 2200,2072 2157,2084 2062,2093 1959,2089 1856,2085 1762,2061 1753,2082 1650,2079 1547,2076 1531,2055 1439,2062 1342,2073 1325,2050 1239,2071 1130,2050 1106,2081 930,2068 827,2068 724,2068 683,2038 621,2067 518,2067 478,2038 416,2068"/>
                <Baseline points="416,2103 518,2102 621,2102 724,2103 827,2103 930,2103 1033,2103 1136,2105 1239,2106 1342,2108 1445,2109 1547,2111 1650,2114 1753,2117 1856,2120 1959,2124 2062,2128 2165,2133 2268,2138 2371,2143 2474,2150"/>
                <TextEquiv>
                    <Unicode>solvi solitorum posumus et fecimus incipendo ab anno Domini millesimo quadringentesimo quinquagesimo secundo</Unicode>
                </TextEquiv>
            </TextLine>
            <TextLine id="r4l31" custom="readingOrder {index:6;} corr {offset:31; length:11;}">
                <Coords points="396,2198 495,2196 595,2195 656,2208 794,2195 893,2193 906,2240 945,2237 989,2190 993,2195 1092,2195 1169,2224 1196,2218 1254,2220 1300,2200 1391,2198 1468,2200 1487,2224 1520,2203 1590,2203 1690,2206 1789,2210 1860,2234 1904,2218 1988,2219 2088,2223 2167,2269 2208,2239 2287,2236 2387,2243 2387,2188 2287,2181 2187,2174 2088,2168 2072,2152 1988,2164 1889,2159 1789,2155 1690,2151 1602,2130 1580,2142 1537,2130 1491,2146 1395,2122 1371,2125 1291,2141 1234,2139 1206,2118 1181,2128 1092,2140 993,2140 893,2138 794,2140 694,2140 595,2140 495,2141 344,2142"/>
                <Baseline points="396,2180 495,2178 595,2177 694,2177 794,2177 893,2175 993,2177 1092,2177 1192,2177 1291,2178 1391,2180 1491,2183 1590,2185 1690,2188 1789,2192 1889,2196 1988,2201 2088,2205 2187,2211 2287,2218 2387,2225"/>
                <TextEquiv>
                    <Unicode>invenimus et comprobavimus per racionistas ad id per nos deputatos</Unicode>
                </TextEquiv>
            </TextLine>
            <TextLine id="r4l32" custom="readingOrder {index:7;}">
                <Coords points="381,2283 419,2315 471,2315 482,2279 584,2276 686,2273 788,2271 890,2271 992,2271 1093,2271 1171,2276 1178,2308 1232,2264 1297,2274 1399,2276 1424,2317 1461,2308 1501,2279 1546,2298 1575,2305 1603,2282 1705,2285 1806,2288 1908,2292 2010,2296 2043,2320 2125,2368 2198,2297 2214,2304 2316,2307 2418,2312 2418,2257 2316,2252 2214,2249 2112,2245 2037,2210 2001,2217 1908,2237 1824,2230 1792,2203 1705,2230 1603,2227 1580,2207 1507,2213 1464,2220 1297,2219 1261,2212 1195,2218 1093,2216 992,2216 979,2195 938,2235 890,2216 788,2216 686,2218 584,2221 512,2200 482,2224 458,2200 381,2228"/>
                <Baseline points="381,2265 482,2261 584,2258 686,2255 788,2253 890,2253 992,2253 1093,2253 1195,2255 1297,2256 1399,2258 1501,2261 1603,2264 1705,2267 1806,2270 1908,2274 2010,2278 2112,2282 2214,2286 2316,2289 2418,2294"/>
                <TextEquiv>
                    <Unicode>prefatum Michaelem capitaneum satisfecisse nobis de omnibus proventibus</Unicode>
                </TextEquiv>
            </TextLine>
            <TextLine id="r4l33" custom="readingOrder {index:8;} corr {offset:67; length:8;}">
                <Coords points="414,2356 519,2385 634,2351 699,2392 832,2348 931,2346 1030,2346 1054,2392 1228,2348 1327,2349 1426,2351 1549,2351 1609,2393 1722,2360 1818,2410 1920,2368 2019,2372 2118,2376 2217,2381 2316,2386 2415,2391 2415,2336 2290,2303 2217,2326 2118,2321 2019,2317 1933,2298 1821,2309 1683,2285 1623,2302 1524,2299 1426,2296 1327,2294 1264,2266 1193,2302 1015,2261 931,2291 775,2281 733,2294 543,2274 503,2290 406,2314"/>
                <Baseline points="437,2340 535,2336 634,2333 733,2331 832,2330 931,2328 1030,2328 1129,2328 1228,2330 1327,2331 1426,2333 1524,2336 1623,2339 1722,2342 1821,2346 1920,2350 2019,2354 2118,2358 2217,2363 2316,2368 2415,2373"/>
                <TextEquiv>
                    <Unicode>ex ipso capitaneatu nobis singulis annis solvi consuetis videlicet ducentas</Unicode>
                </TextEquiv>
            </TextLine>
            <TextLine id="r4l34" custom="readingOrder {index:9;}">
                <Coords points="392,2431 491,2430 587,2439 691,2427 791,2427 891,2427 990,2428 1090,2430 1190,2431 1216,2463 1290,2433 1319,2466 1390,2436 1489,2438 1501,2480 1589,2440 1691,2456 1789,2446 1878,2488 2012,2448 2073,2504 2105,2461 2188,2460 2288,2461 2388,2464 2388,2407 2370,2381 2288,2404 2188,2403 2075,2378 1973,2390 1889,2392 1810,2400 1689,2386 1606,2388 1577,2359 1489,2381 1362,2342 1290,2376 1190,2374 1053,2390 990,2371 844,2337 711,2390 691,2370 591,2371 491,2373 392,2374"/>
                <Baseline points="392,2412 491,2411 591,2409 691,2408 791,2408 891,2408 990,2409 1090,2411 1190,2412 1290,2414 1390,2417 1489,2419 1589,2421 1689,2424 1789,2427 1889,2430 1988,2435 2088,2437 2188,2441 2288,2442 2388,2445"/>
                <TextEquiv>
                    <Unicode>et viginti marcas anno quolibet in solidum et usque ad festum Sancti</Unicode>
                </TextEquiv>
            </TextLine>
            <TextLine id="r4l35" custom="readingOrder {index:10;} corr {offset:36; length:3;}">
                <Coords points="383,2529 485,2520 587,2514 689,2511 791,2508 910,2542 996,2508 1098,2509 1186,2523 1302,2515 1417,2520 1483,2574 1524,2526 1624,2522 1629,2566 1711,2534 1813,2539 1902,2566 2018,2548 2120,2552 2222,2555 2324,2557 2427,2559 2427,2502 2324,2500 2174,2476 2087,2493 1989,2441 1916,2487 1791,2458 1711,2477 1609,2472 1507,2467 1405,2463 1302,2458 1200,2455 1098,2452 949,2424 894,2451 749,2432 689,2454 587,2457 485,2463 340,2470"/>
                <Baseline points="383,2510 485,2501 587,2495 689,2492 791,2489 894,2489 996,2489 1098,2490 1200,2493 1302,2496 1405,2501 1507,2505 1609,2510 1711,2515 1813,2520 1916,2525 2018,2529 2120,2533 2222,2536 2324,2538 2427,2540"/>
                <TextEquiv>
                    <Unicode>Martini nunc instans videlicet anni quo scribitur millesimo quadringentesimo quinquagesimo tercio de</Unicode>
                </TextEquiv>
            </TextLine>
            <TextLine id="r4l36" custom="readingOrder {index:11;}">
                <Coords points="375,2650 500,2624 581,2596 616,2633 650,2622 690,2600 785,2590 887,2589 967,2587 992,2629 1054,2597 1091,2591 1193,2594 1234,2636 1259,2600 1295,2598 1397,2602 1409,2615 1499,2607 1601,2613 1658,2631 1686,2657 1711,2652 1722,2647 1739,2618 1805,2624 1907,2629 2009,2634 2111,2638 2213,2643 2243,2668 2275,2644 2291,2663 2317,2672 2418,2647 2437,2585 2413,2575 2315,2589 2234,2562 2212,2561 2111,2581 2009,2577 1907,2572 1805,2567 1752,2547 1699,2557 1629,2547 1597,2531 1499,2550 1408,2530 1397,2545 1295,2541 1193,2537 1105,2527 1076,2511 989,2532 887,2532 788,2521 707,2515 659,2513 581,2539 479,2545 348,2542"/>
                <Baseline points="377,2591 479,2583 581,2577 683,2573 785,2571 887,2570 989,2570 1091,2572 1193,2575 1295,2579 1397,2583 1499,2588 1601,2594 1703,2599 1805,2605 1907,2610 2009,2615 2111,2619 2213,2624 2315,2627 2418,2628"/>
                <TextEquiv>
                    <Unicode>quibus ipsum tenore presencium quittamus nihilominus prefatus Michael Lasoczsky</Unicode>
                </TextEquiv>
            </TextLine>
            <TextLine id="r4l37" custom="readingOrder {index:12;}">
                <Coords points="313,2684 450,2682 550,2678 648,2705 724,2672 852,2671 952,2671 1053,2697 1146,2659 1253,2676 1354,2679 1454,2682 1554,2685 1594,2711 1755,2692 1856,2695 1956,2700 2056,2703 2128,2719 2257,2709 2358,2712 2358,2655 2257,2652 2157,2649 2059,2639 1956,2643 1856,2638 1755,2635 1655,2631 1561,2617 1454,2625 1285,2591 1253,2619 1153,2617 1052,2616 952,2614 852,2614 743,2591 651,2618 551,2599 450,2625 350,2631"/>
                <Baseline points="350,2669 450,2663 550,2659 651,2656 751,2654 852,2652 952,2652 1052,2654 1153,2655 1253,2657 1354,2660 1454,2663 1554,2666 1655,2669 1755,2673 1856,2676 1956,2681 2056,2684 2157,2687 2257,2690 2358,2693"/>
                <TextEquiv>
                    <Unicode>in racione predicta remansit nobis octo marcas cum media obligatus</Unicode>
                </TextEquiv>
            </TextLine>
            <TextLine id="r4l38" custom="readingOrder {index:13;}">
                <Coords points="368,2764 469,2759 570,2754 671,2751 772,2749 873,2748 974,2748 1076,2749 1177,2751 1243,2780 1379,2755 1480,2758 1565,2787 1682,2766 1784,2770 1885,2775 1971,2800 2087,2782 2188,2785 2289,2788 2391,2791 2387,2729 2289,2740 2188,2737 2088,2726 2005,2710 1885,2727 1784,2722 1682,2718 1538,2702 1480,2710 1388,2686 1347,2673 1202,2660 1123,2672 974,2700 873,2700 772,2701 671,2703 567,2694 444,2685 345,2708"/>
                <Baseline points="368,2748 469,2743 570,2738 671,2735 772,2733 873,2732 974,2732 1076,2733 1177,2735 1278,2736 1379,2739 1480,2742 1581,2747 1682,2750 1784,2754 1885,2759 1986,2762 2087,2766 2188,2769 2289,2772 2391,2775"/>
                <TextEquiv>
                    <Unicode>datum Sandomirie sabbato ipso Nativitatis Marie Virginis anno Domini</Unicode>
                </TextEquiv>
            </TextLine>
            <TextLine id="r4l39" custom="readingOrder {index:14;}">
                <Coords points="362,2829 387,2830 392,2862 438,2832 463,2833 488,2833 514,2833 539,2833 564,2833 590,2833 615,2833 640,2832 666,2832 691,2832 716,2830 742,2830 767,2830 792,2829 818,2829 827,2766 792,2781 767,2782 742,2782 716,2782 694,2759 666,2784 640,2784 615,2785 590,2785 589,2782 582,2780 544,2763 512,2750 474,2756 438,2784 412,2782 387,2782 362,2781"/>
                <Baseline points="362,2813 387,2814 412,2814 438,2816 463,2817 488,2817 514,2817 539,2817 564,2817 590,2817 615,2817 640,2816 666,2816 691,2816 716,2814 742,2814 767,2814 792,2813 818,2813"/>
                <TextEquiv>
                    <Unicode>millesimo quadringentesimo quinquagesimo tercio</Unicode>
                </TextEquiv>
            </TextLine>
            <TextLine id="line_1664880598045_1098" custom="readingOrder {index:15;} corr {offset:8; length:12;}">
                <Coords points="1530,2813 1631,2789 1761,2831 2177,2837 2411,2879 2411,2936 2209,2946 1737,2921 1726,2897 1682,2894 1616,2911 1550,2895 1530,2865"/>
                <Baseline points="1533,2870 1565,2873 1598,2875 1631,2876 1664,2878 1697,2880 1729,2882 1762,2883 1795,2885 1828,2886 1861,2888 1893,2889 1926,2892 1959,2892 1992,2895 2024,2897 2057,2898 2090,2900 2123,2902 2156,2904 2189,2907 2205,2907 2244,2907"/>
                <TextEquiv>
                    <Unicode>relacio magnificorum Johannis de Co</Unicode>
                </TextEquiv>
            </TextLine>
            <TextLine id="r4l42" custom="readingOrder {index:16;}">
                <Coords points="1518,2958 1584,2958 1604,2984 1644,2962 1677,2999 1713,2968 1747,2970 1781,2973 1815,2974 1849,2977 1884,2979 1918,2981 1952,2983 1986,2986 2006,3004 2055,2990 2089,2992 2124,3020 2157,2995 2191,2998 2417,2993 2417,2941 2191,2946 2157,2943 2123,2942 2089,2940 2055,2938 2016,2945 1990,2935 1980,2917 1929,2910 1884,2927 1849,2925 1815,2922 1781,2921 1747,2918 1704,2890 1678,2913 1644,2910 1610,2909 1576,2906 1542,2904"/>
                <Baseline points="1542,2939 1576,2941 1610,2944 1644,2945 1678,2948 1713,2951 1747,2953 1781,2956 1815,2957 1849,2960 1884,2962 1918,2964 1952,2966 1986,2969 2020,2971 2055,2973 2089,2975 2123,2977 2157,2978 2191,2981 2226,2982"/>
                <TextEquiv>
                    <Unicode>nyeczpole Cancellarii et Petri de</Unicode>
                </TextEquiv>
            </TextLine>
            <TextLine id="line_1667152358204_875" custom="readingOrder {index:17;}">
                <Coords points="1556,3104 2380,3090 2384,3009 1544,2987"/>
                <TextEquiv>
                    <Unicode>Sczekoczini vicecancellarii regni Polonie</Unicode>
                </TextEquiv>
            </TextLine>
            <TextEquiv>
                <Unicode>Quietacio capitaneatus Lancicie
Kazimirus Dei gracia rex Polonie magnus dux Lithwanie Russie etc.
significamus tenore presencium quibus expedit universis recognoscentes quod dum
racionem cum strenuo Michaeli Lassogsky succamerario Dobrinensi
et capitaneo Lancicie super suum proventuum nobis annuatim de Lanciciensi capitaneatu
solvi solitorum posumus et fecimus incipendo ab anno Domini millesimo quadringentesimo quinquagesimo secundo
invenimus et comprobavimus per racionistas ad id per nos deputatos
prefatum Michaelem capitaneum satisfecisse nobis de omnibus proventibus
ex ipso capitaneatu nobis singulis annis solvi consuetis videlicet ducentas
et viginti marcas anno quolibet in solidum et usque ad festum Sancti
Martini nunc instans videlicet anni quo scribitur millesimo quadringentesimo quinquagesimo tercio de
quibus ipsum tenore presencium quittamus nihilominus prefatus Michael Lasoczsky
in racione predicta remansit nobis octo marcas cum media obligatus
datum Sandomirie sabbato ipso Nativitatis Marie Virginis anno Domini
millesimo quadringentesimo quinquagesimo tercio
relacio magnificorum Johannis de Co
nyeczpole Cancellarii et Petri de
Sczekoczini vicecancellarii regni Polonie</Unicode>
            </TextEquiv>
        </TextRegion>
    </Page>
</PcGts>
