<?xml version='1.0' encoding='UTF-8'?>
<PcGts xmlns:xsi="http://www.w3.org/2001/XMLSchema-instance" xmlns="http://schema.primaresearch.org/PAGE/gts/pagecontent/2019-07-15" xsi:schemaLocation="http://schema.primaresearch.org/PAGE/gts/pagecontent/2019-07-15 http://schema.primaresearch.org/PAGE/gts/pagecontent/2019-07-15/pagecontent.xsd"><Metadata><Creator>prov=University of Rostock/Institute of Mathematics/CITlab|PLANET AI GmbH/Tobias Gruening/tobias.gruening@planet-ai.de:name=/net_tf/LA73_249_0mod360.pb:de.uros.citlab.segmentation.CITlab_LA_ML:v=2.6.7
Transkribus</Creator><Created>2022-05-16T13:39:47</Created><LastChange>2022-12-14T16:40:24</LastChange><Comments/></Metadata><Page imageFilename="16526990558888bsb11110894-0070.jpg" imageHeight="10075" imageWidth="7591"><ReadingOrder><OrderedGroup caption="Regions reading order" id="ro_1671032424225"><RegionRefIndexed index="0" regionRef="TextRegion_1660993098134_715"/><RegionRefIndexed index="1" regionRef="TextRegion_1660993106959_726"/><RegionRefIndexed index="2" regionRef="TextRegion_1660993112567_731"/><RegionRefIndexed index="3" regionRef="TextRegion_1660993138182_736"/><RegionRefIndexed index="4" regionRef="TextRegion_1660993138182_735"/></OrderedGroup></ReadingOrder><TextRegion custom="readingOrder {index:0;} structure {type:paragraph;}" id="TextRegion_1660993098134_715" orientation="0.0" type="paragraph"><Coords points="740,572 5919,572 5919,3534 740,3534"/><TextLine custom="readingOrder {index:0;} drop-capital {offset:0; length:47;}" id="line_1660993087071_658"><Coords points="918,778 918,839 2183,817 2653,817 2715,850 2720,850 2726,850 3280,822 3487,856 3493,861 4456,861 4456,856 4461,856 4556,828 4668,861 4674,861 4679,867 5547,867 5547,861 5553,861 5558,861 5603,833 5905,861 5917,800 5900,531 5805,570 5463,570 5267,531 5262,531 5256,531 5183,565 5094,526 5088,526 4668,520 4663,520 4657,520 4540,559 4360,520 4355,520 3901,526 3896,526 3789,565 3437,565 3330,514 3325,514 3319,514 3134,554 2832,526 2827,526 2642,554 2491,514 2485,514 2479,514 2177,548 1976,509 1970,509 1791,542 1421,509 1416,509 1242,548 918,526 918,778"/><Baseline points="922,782 1175,776 1428,772 1681,768 1934,768 2187,768 2440,770 2693,772 2946,777 3199,781 3453,786 3706,790 3959,795 4212,799 4465,804 4718,806 4971,808 5224,808 5477,808 5730,805 5919,801"/><TextEquiv><Unicode>Pro Intellectu textus Notandum Que Meridies est</Unicode></TextEquiv></TextLine><TextLine custom="readingOrder {index:1;}" id="line_1660993087072_660"><Coords points="4232,800 4226,800 3991,833 3946,800 3941,800 3935,800 3689,800 3683,800 3677,800 3554,833 3302,794 3297,794 3022,828 2955,800 2950,800 2944,800 2832,822 2558,789 2552,789 2547,789 2474,817 1713,783 1707,783 890,817 817,783 817,985 811,1024 5905,1074 5917,1018 5911,833 4316,839 4237,800 4232,800"/><Baseline points="820,990 1081,984 1342,981 1604,978 1865,978 2127,978 2388,978 2649,981 2911,984 3172,988 3434,992 3695,997 3956,1002 4218,1006 4479,1010 4740,1014 5002,1018 5263,1020 5525,1022 5786,1024 5919,1024"/><TextEquiv><Unicode>duplex. Quidam est meridianus vel meridies vulgari termino totius mundi</Unicode></TextEquiv></TextLine><TextLine custom="readingOrder {index:2;}" id="line_1660993087074_662"><Coords points="4898,1018 4892,1018 4887,1018 4752,1041 4439,1013 4433,1013 4232,1046 4164,1013 4159,1013 3885,1007 3879,1007 3694,1041 3437,1007 3431,1007 3274,1041 3179,1007 3174,1007 3168,1007 2978,1035 2899,1001 2894,1001 2888,1001 2228,1035 2116,1001 2110,1001 2104,1001 1914,1035 1836,996 1830,996 1824,996 1819,996 1707,1029 1421,996 1416,996 1225,1029 1130,996 1125,996 1119,996 1114,996 1018,1029 828,996 828,1203 822,1236 5905,1270 5917,1231 5905,1046 4954,1052 4903,1018 4898,1018"/><Baseline points="830,1208 1091,1202 1353,1200 1614,1198 1876,1198 2137,1200 2399,1202 2660,1204 2922,1208 3183,1211 3445,1215 3706,1220 3968,1223 4229,1226 4491,1230 4752,1233 5014,1236 5275,1236 5537,1236 5798,1236 5919,1235"/><TextEquiv><Unicode>cum scilicet sol directe aliquo die est in medio mundi hoc est supra cenith civitatis</Unicode></TextEquiv></TextLine><TextLine custom="readingOrder {index:3;}" id="line_1660993087076_664"><Coords points="1197,1416 1197,1483 2418,1466 2547,1500 2552,1500 2558,1500 2899,1472 2944,1500 2950,1500 2955,1500 3745,1505 3750,1505 3890,1477 4002,1511 4008,1511 4013,1511 4254,1483 4433,1511 4439,1511 4444,1511 4551,1483 5374,1522 5379,1522 5911,1488 5917,1455 5905,1248 5251,1281 5038,1253 5032,1253 4601,1276 4512,1236 4506,1236 4500,1236 4288,1270 3851,1231 3845,1231 3454,1264 3224,1225 3045,1225 3039,1225 3034,1225 3028,1225 2978,1259 1880,1214 1875,1214 1197,1242 1197,1416"/><Baseline points="1200,1418 1462,1418 1724,1418 1986,1418 2248,1420 2510,1422 2772,1424 3034,1427 3296,1430 3558,1434 3820,1436 4082,1440 4344,1444 4606,1446 4868,1450 5130,1452 5392,1454 5654,1456 5916,1458 5919,1458"/><TextEquiv><Unicode>Arim que est precise in medio mundi nonaginta gradibus distans ab orien-</Unicode></TextEquiv></TextLine><TextLine custom="readingOrder {index:4;}" id="line_1660993087077_666"><Coords points="794,1634 794,1690 2099,1684 2284,1712 2289,1712 2552,1684 3095,1718 3101,1718 3353,1690 3409,1723 3414,1723 3420,1723 3426,1723 4136,1695 4243,1729 4248,1729 4254,1729 4814,1701 5256,1735 5262,1735 5911,1701 5917,1667 5911,1500 5637,1466 5631,1466 5626,1466 5547,1500 5077,1500 4937,1460 4931,1460 4926,1460 4064,1483 3997,1455 3991,1455 3985,1455 3459,1483 3230,1449 3224,1449 2659,1477 2502,1444 1897,1444 1892,1444 1886,1444 1791,1472 1713,1438 1707,1438 1701,1438 1696,1438 1623,1466 1584,1438 1578,1438 1573,1438 1567,1438 794,1460 794,1634"/><Baseline points="798,1636 1058,1634 1318,1632 1578,1632 1838,1632 2098,1634 2358,1636 2618,1639 2878,1642 3138,1646 3398,1650 3658,1654 3918,1658 4178,1662 4438,1664 4698,1668 4958,1670 5218,1670 5478,1670 5738,1670 5919,1668"/><TextEquiv><Unicode>te et gradibus alexandri et nonaginta gradibus ob occidente et a gradibus</Unicode></TextEquiv></TextLine><TextLine custom="readingOrder {index:5;}" id="line_1660993087079_668"><Coords points="834,1852 834,1908 3722,1908 3896,1936 3901,1936 4663,1914 4909,1942 4915,1942 5911,1914 5917,1880 5905,1701 4920,1712 4730,1679 4724,1679 4719,1679 4713,1679 4663,1712 4338,1712 4170,1679 4164,1679 3946,1707 3901,1673 3896,1673 3890,1673 3885,1673 3543,1701 3252,1673 3246,1673 3022,1701 2894,1667 2888,1667 2883,1667 2440,1695 2205,1667 2200,1667 2060,1695 1858,1662 1852,1662 1086,1690 834,1662 834,1852"/><Baseline points="838,1858 1099,1854 1360,1852 1621,1852 1882,1852 2143,1854 2404,1856 2665,1858 2926,1862 3187,1864 3449,1868 3710,1871 3971,1874 4232,1878 4493,1881 4754,1884 5015,1886 5276,1886 5537,1886 5798,1886 5919,1885"/><TextEquiv><Unicode>Herculis et nonaginta gradibus ab utroque polo et de isto meridiano non</Unicode></TextEquiv></TextLine><TextLine custom="readingOrder {index:6;}" id="line_1660993087080_670"><Coords points="800,2070 794,2121 5905,2160 5917,2104 5911,1931 5749,1897 5743,1897 5738,1897 5732,1897 5682,1931 5178,1931 5116,1897 5111,1897 5105,1897 4349,1919 4254,1891 4248,1891 4243,1891 3745,1914 3661,1886 3655,1886 3649,1886 3644,1886 3588,1914 3370,1880 2603,1880 2597,1880 2591,1880 2530,1908 2407,1875 2401,1875 2395,1875 1741,1903 1685,1869 1679,1869 1673,1869 1668,1869 957,1897 800,1863 800,2070"/><Baseline points="804,2074 1063,2073 1323,2070 1582,2070 1842,2070 2102,2071 2361,2072 2621,2076 2880,2078 3140,2082 3400,2084 3659,2088 3919,2092 4178,2095 4438,2098 4698,2102 4957,2104 5217,2106 5476,2106 5736,2108 5919,2106"/><TextEquiv><Unicode>loquitur hic autor. Alter autem est meridianus proprius cuilibet civitati vel reg</Unicode></TextEquiv></TextLine><TextLine custom="readingOrder {index:7;}" id="line_1660993446919_758"><Coords points="817,2283 811,2362 1175,2362 1175,2356 1181,2356 1237,2328 1640,2362 1645,2362 2239,2334 2698,2367 2703,2367 2911,2339 2989,2373 2994,2373 3000,2373 3409,2345 4120,2378 4125,2378 4926,2356 5228,2390 5234,2390 5911,2356 5917,2317 5911,2149 5558,2115 5553,2115 5206,2149 4870,2110 4864,2110 4500,2143 4388,2104 4383,2104 4377,2104 3739,2138 3605,2104 3599,2104 3593,2104 3118,2121 2983,2093 2978,2093 2284,2126 2004,2087 1998,2087 1578,2121 1287,2082 1281,2082 817,2115 817,2283"/><Baseline points="822,2288 856,2288 890,2288 924,2288 959,2288 993,2288 1027,2288 1062,2288 1096,2289 1130,2290 1165,2290 1199,2290 1233,2290 1267,2290 1302,2290 1336,2290 1370,2290 1405,2290 1439,2288 1473,2288 1508,2286 2198,2294 2387,2294 2577,2296 2767,2298 2957,2298 3147,2300 3336,2303 3526,2305 3716,2307 3906,2310 4096,2312 4285,2314 4475,2316 4665,2317 4855,2318 5045,2320 5234,2322 5424,2322 5614,2322 5804,2322 5919,2322"/><TextEquiv><Unicode>no et iste meridianus variatur secundum que civitates et regna variantur in eorum situ ver</Unicode></TextEquiv></TextLine><TextLine custom="readingOrder {index:8;}" id="line_1660993452823_764"><Coords points="5771,2322 5553,2356 4987,2356 4943,2322 4937,2322 4931,2322 4926,2322 4920,2322 4831,2350 4517,2322 4512,2322 3963,2345 3868,2317 3862,2317 3857,2317 3610,2345 3504,2317 3498,2317 3493,2317 3302,2345 3258,2317 3252,2317 3246,2317 3241,2317 2994,2345 2295,2311 2289,2311 867,2322 867,2513 862,2552 5905,2580 5917,2524 5911,2356 5777,2322 5771,2322"/><Baseline points="872,2516 904,2516 1144,2506 1342,2506 1540,2508 1738,2508 1936,2508 2134,2510 2332,2510 2530,2510 2728,2512 2926,2512 3124,2514 3322,2516 3520,2517 3718,2518 3916,2520 4114,2522 4312,2525 4510,2528 4708,2530 4906,2534 5104,2538 5688,2540 5713,2541 5738,2542 5763,2540 5788,2539 5814,2537 5839,2536 5864,2533 5889,2530 5915,2528 5919,2527"/><TextEquiv><Unicode>sus orientem vel occidentem ut dicetur inferius Sicut enim diversis civitatibus et</Unicode></TextEquiv></TextLine><TextLine custom="readingOrder {index:9;}" id="line_1660993087080_676"><Coords points="1354,2714 1349,2765 5905,2804 5917,2753 5911,2591 5502,2552 5497,2552 5312,2585 5234,2546 5228,2546 5223,2546 4635,2580 4142,2541 4136,2541 3375,2569 3230,2529 3224,2529 3218,2529 3050,2563 2698,2524 2692,2524 2138,2557 1354,2529 1354,2714"/><Baseline points="1360,2716 1594,2720 1828,2722 2063,2726 2297,2728 2532,2732 2766,2734 3000,2736 3235,2738 3469,2740 3704,2742 3938,2744 4172,2746 4407,2747 4641,2748 4876,2750 5110,2750 5344,2752 5579,2752 5813,2754 5919,2754"/><TextEquiv><Unicode>regnis est alter ortus et occasus sic et in civitatibus et regnis est diversus me</Unicode></TextEquiv></TextLine><TextLine custom="readingOrder {index:10;}" id="line_1660993461127_772"><Coords points="1371,2949 1371,3005 5905,3016 5917,2966 5911,2798 5301,2798 5223,2765 5217,2765 5211,2765 5206,2765 5094,2798 4170,2798 4120,2765 4114,2765 4108,2765 4103,2765 3801,2793 3655,2759 3649,2759 3644,2759 3638,2759 3565,2793 3509,2753 3504,2753 3498,2753 3493,2753 3319,2787 3134,2759 3129,2759 3123,2759 3118,2759 3073,2793 2815,2753 2076,2753 2071,2753 2065,2753 1964,2781 1461,2753 1455,2753 1449,2753 1365,2776 1371,2949"/><Baseline points="1374,2952 1399,2947 1425,2941 1451,2937 1477,2934 1503,2931 1528,2930 1554,2930 1580,2930 1606,2930 1632,2931 1657,2933 1683,2936 1709,2937 1735,2940 1761,2942 1786,2945 1812,2947 1838,2950 1864,2953 1890,2956 2098,2952 2123,2946 2148,2946 2173,2948 2198,2948 2436,2942 2483,2946 2531,2947 2579,2949 2627,2951 2675,2952 2722,2953 2770,2954 2818,2954 2866,2954 2914,2955 2961,2956 3009,2956 3057,2956 3105,2956 3153,2956 3200,2956 3248,2956 3296,2956 3344,2956 3392,2958 3576,2958 3697,2960 3818,2962 3939,2965 4060,2966 4182,2968 4303,2970 4424,2971 4545,2972 4666,2972 4788,2974 4909,2974 5030,2974 5151,2974 5272,2974 5394,2974 5515,2972 5636,2972 5757,2972 5878,2970 5919,2970"/><TextEquiv><Unicode>ridianus hominibus enim existentibus in civitate regia Cracoviensi cicius oritur</Unicode></TextEquiv></TextLine><TextLine custom="readingOrder {index:11;}" id="line_1660993589318_781"><Coords points="2020,2955 1981,2955 1886,2983 845,2966 845,3156 839,3218 1421,3229 1427,3229 1433,3229 1528,3201 1880,3235 1886,3235 1892,3235 1987,3207 2843,3246 2849,3246 2855,3246 2950,3218 3666,3251 3672,3251 3795,3229 4411,3235 4456,3268 4461,3268 4467,3268 4472,3268 5071,3251 5116,3279 5122,3279 5127,3279 5133,3279 5486,3257 5603,3285 5609,3285 5614,3285 5911,3251 5917,3196 5905,3000 5598,3028 5553,3000 5547,3000 5542,3000 5536,3000 5290,3022 5066,2988 5060,2988 4769,3022 4624,2983 4618,2983 4612,2983 4232,3016 4120,2977 4114,2977 4108,2977 3773,3005 3672,2977 3666,2977 3661,2977 3655,2977 3593,3005 3482,2977 3476,2977 3470,2977 3465,2977 3459,2977 3420,3005 3297,2966 3291,2966 3286,2966 3280,2966 3202,3000 3090,2966 3084,2966 3078,2966 3073,2966 2955,3000 2530,2966 2524,2966 2116,2988 2032,2955 2020,2955"/><Baseline points="846,3158 871,3159 896,3161 921,3162 946,3162 972,3162 997,3162 1022,3162 1047,3162 1072,3162 1098,3162 1123,3161 1148,3160 1173,3160 1198,3158 1224,3157 1249,3156 1274,3156 1299,3156 1324,3156 1350,3154 1942,3170 2146,3168 2351,3168 2555,3169 2760,3170 2964,3172 3169,3176 3373,3178 3578,3182 3782,3185 3987,3188 4191,3192 4396,3195 4600,3198 4805,3200 5009,3202 5214,3202 5418,3202 5623,3201 5827,3198 5919,3197"/><TextEquiv><Unicode>sol. et cicius occidit quam illis qui habitant in Toleto civitate Hispanie per ho</Unicode></TextEquiv></TextLine><TextLine custom="readingOrder {index:12;}" id="line_1660993594559_786"><Coords points="811,3380 811,3453 1813,3431 1970,3459 1976,3459 1981,3459 2054,3431 2748,3464 2754,3464 2759,3464 2765,3464 2765,3459 2793,3436 3319,3436 3398,3470 3403,3470 3409,3475 4299,3475 4299,3470 4304,3470 4416,3436 4422,3403 4422,3229 4030,3196 4025,3196 4019,3196 4013,3196 3963,3229 3649,3229 3347,3190 3342,3190 2390,3218 2194,3184 2188,3184 1651,3212 1444,3184 1438,3184 1433,3184 1427,3184 1382,3212 1332,3179 1326,3179 1321,3179 1315,3179 1309,3179 1304,3179 1259,3207 923,3179 918,3179 912,3179 811,3207 811,3380"/><Baseline points="814,3386 839,3385 865,3384 890,3384 916,3384 941,3384 967,3384 992,3385 1018,3386 1043,3386 1069,3386 1094,3386 1120,3386 1145,3386 1171,3385 1196,3384 1222,3382 1456,3378 1604,3382 1753,3386 1901,3388 2050,3391 2198,3394 2347,3394 2495,3396 2644,3398 2792,3399 2941,3400 3089,3400 3238,3402 3386,3402 3535,3402 3683,3404 3832,3404 3980,3404 4129,3406 4277,3406 4426,3406"/><TextEquiv><Unicode>ram integram horalogii. ut et dictum est in precedentibus.</Unicode></TextEquiv></TextLine><TextEquiv><Unicode>Pro Intellectu textus Notandum Que Meridies est
duplex. Quidam est meridianus vel meridies vulgari termino totius mundi
cum scilicet sol directe aliquo die est in medio mundi hoc est supra cenith civitatis
Arim que est precise in medio mundi nonaginta gradibus distans ab orien-
te et gradibus alexandri et nonaginta gradibus ob occidente et a gradibus
Herculis et nonaginta gradibus ab utroque polo et de isto meridiano non
loquitur hic autor. Alter autem est meridianus proprius cuilibet civitati vel reg
no et iste meridianus variatur secundum que civitates et regna variantur in eorum situ ver
sus orientem vel occidentem ut dicetur inferius Sicut enim diversis civitatibus et
regnis est alter ortus et occasus sic et in civitatibus et regnis est diversus me
ridianus hominibus enim existentibus in civitate regia Cracoviensi cicius oritur
sol. et cicius occidit quam illis qui habitant in Toleto civitate Hispanie per ho
ram integram horalogii. ut et dictum est in precedentibus.</Unicode></TextEquiv></TextRegion><TextRegion custom="readingOrder {index:1;} structure {type:paragraph;}" id="TextRegion_1660993106959_726" orientation="0.0" type="paragraph"><Coords points="740,3534 5919,3534 5919,5840 740,5840"/><TextLine custom="readingOrder {index:0;}" id="line_1660993087088_682"><Coords points="1293,3766 1287,3822 1382,3856 1388,3856 1393,3856 1606,3817 1768,3856 1774,3856 1780,3856 1785,3856 1858,3822 2284,3822 2418,3873 2423,3873 2703,3878 2709,3878 3034,3845 3078,3878 3084,3878 3090,3878 3095,3878 3224,3856 3263,3884 3269,3884 3274,3884 3280,3884 3621,3867 3773,3895 3778,3895 3985,3862 4125,3901 4131,3901 4136,3901 4355,3862 4679,3906 4685,3906 4691,3906 4831,3873 5189,3873 5251,3901 5256,3901 5262,3901 5553,3878 5698,3923 5704,3923 5710,3929 5911,3929 5917,3839 5917,3587 5726,3587 5721,3587 5715,3587 5710,3587 5665,3621 5329,3593 5323,3593 5318,3593 5223,3627 4999,3627 4870,3571 4864,3571 4859,3571 4551,3615 4478,3587 4472,3587 4467,3587 4108,3604 4036,3559 4030,3559 4025,3559 4019,3559 3801,3604 3190,3599 3062,3543 3056,3543 3050,3543 2754,3587 2362,3531 2356,3531 1959,3571 1511,3565 1449,3526 1444,3526 1438,3526 1433,3526 1293,3543 1293,3766"/><Baseline points="1296,3772 1528,3780 1761,3786 1994,3791 2226,3796 2459,3801 2692,3804 2924,3808 3157,3810 3390,3812 3623,3814 3855,3816 4088,3818 4321,3820 4553,3822 4786,3824 5019,3828 5251,3830 5484,3834 5717,3838 5919,3841"/><TextEquiv><Unicode>¶ Et Notandum Que civitates quarum una plus accedit</Unicode></TextEquiv></TextLine><TextLine custom="readingOrder {index:1;}" id="line_1660993834438_827"><Coords points="1018,4192 1013,4321 1601,4365 1606,4365 2076,4332 2155,4371 2160,4371 2485,4377 2491,4377 2748,4343 2877,4377 2883,4377 2888,4377 2894,4377 3179,4259 3314,4293 3319,4293 3325,4293 3817,4265 4248,4265 4304,4304 4310,4304 4316,4304 4321,4304 4674,4276 4864,4309 4870,4309 4875,4309 4931,4281 4982,4315 4987,4315 4993,4315 4999,4315 5004,4315 5083,4287 5217,4315 5223,4315 5228,4315 5234,4315 5267,4287 5379,4360 5385,4360 5390,4360 5396,4360 5402,4360 5586,4304 5592,4253 5586,4035 5262,4035 5144,3985 5139,3985 5133,3985 5127,3985 4971,4035 4702,4035 4360,4030 4220,3974 4215,3974 4209,3974 4204,3974 4030,4018 3812,3968 3806,3968 3515,4002 3364,3962 3358,3962 3353,3962 3347,3962 3342,3962 3274,4007 3106,4007 2838,3957 2832,3957 2692,3985 2423,3951 2418,3951 2412,3951 2345,3985 2205,3951 2200,3951 2194,3951 2188,3951 2054,3996 1959,3946 1953,3946 1948,3946 1629,3990 1018,3951 1018,4192"/><Baseline points="1020,4196 1234,4198 1448,4198 1662,4198 1876,4200 2091,4200 2305,4200 2519,4202 2733,4202 2947,4204 3162,4206 3376,4206 3590,4209 3804,4212 4018,4214 4233,4218 4447,4222 4661,4228 4875,4232 5089,4239 5304,4246 5536,4252 5567,4256 5598,4258"/><TextEquiv><Unicode>ad orientem quam alia habent diversos meridianos Ar</Unicode></TextEquiv></TextLine><TextLine custom="readingOrder {index:2;}" id="line_1660993087088_686"><Coords points="1063,4589 1063,4656 1444,4628 1567,4662 1573,4662 1578,4662 1735,4628 1908,4696 1914,4696 1920,4696 2060,4668 2367,4707 2373,4707 2379,4707 2558,4651 3067,4645 3207,4696 3213,4696 3218,4696 3224,4696 3398,4651 3470,4690 3476,4690 3482,4690 3610,4679 3694,4735 3700,4735 3705,4735 4288,4746 4293,4746 4870,4673 5116,4679 5183,4724 5189,4724 5195,4724 5200,4724 5357,4701 5514,4763 5519,4763 5525,4763 5530,4763 5648,4712 5905,4757 5917,4656 5911,4399 5592,4438 5497,4410 5491,4410 5486,4410 4758,4427 4461,4382 4456,4382 4036,4416 3952,4377 3946,4377 3941,4377 3935,4377 3801,4410 3431,4410 3095,4360 2552,4354 2547,4354 2541,4354 2535,4354 2468,4393 2272,4393 2194,4349 2188,4349 2183,4349 2177,4349 2015,4388 1063,4365 1063,4589"/><Baseline points="1064,4594 1353,4594 1642,4592 1931,4594 2220,4596 2509,4598 2798,4600 3087,4604 3376,4608 3665,4613 3955,4618 4244,4624 4533,4630 4822,4636 5111,4642 5400,4648 5689,4654 5919,4658"/><TextEquiv><Unicode>cus vero equinoxialis interceptus inter duos meri-</Unicode></TextEquiv></TextLine><TextLine custom="readingOrder {index:3;}" id="line_1660993876094_871"><Coords points="778,4975 772,5037 1147,5026 1489,5054 1494,5054 1500,5054 1601,5020 1685,5054 1690,5054 1696,5054 1920,5026 2267,5065 2272,5065 2625,5031 2810,5071 2815,5071 3056,5037 3454,5037 3649,5082 3655,5082 3661,5082 3745,5048 3879,5082 3885,5082 3890,5082 3896,5082 3969,5059 4909,5099 4915,5099 5088,5065 5127,5093 5133,5093 5139,5093 5144,5093 5150,5093 5234,5071 5905,5104 5917,5054 5911,4819 5094,4819 4859,4768 4853,4768 4847,4768 4758,4802 4679,4768 4674,4768 4260,4757 4254,4757 4064,4791 3840,4752 3834,4752 3515,4791 3392,4746 3386,4746 3381,4746 3073,4785 2966,4740 2961,4740 2955,4740 2631,4780 2502,4735 2496,4735 2367,4735 2362,4735 2356,4735 2351,4735 2295,4774 2222,4740 2216,4740 2211,4740 2205,4740 2132,4763 1864,4729 1858,4729 1852,4729 1729,4763 1086,4763 1002,4718 996,4718 778,4712 778,4975"/><Baseline points="782,4980 834,4983 887,4984 940,4986 993,4986 1046,4986 1098,4986 1151,4986 1204,4986 1257,4986 1310,4985 1362,4984 1415,4984 1468,4984 1521,4986 1574,4986 1626,4989 1679,4992 1732,4994 1785,4998 1838,5004 2014,5000 2215,4996 2416,4995 2618,4994 2819,4996 3021,4997 3222,5000 3423,5003 3625,5008 3826,5012 4028,5016 4229,5021 4430,5026 4632,5032 4833,5037 5035,5042 5236,5046 5437,5050 5639,5054 5840,5056 5919,5056"/><TextEquiv><Unicode>dianos dicitur longitudo civitatum. Si autem due civi-</Unicode></TextEquiv></TextLine><TextLine custom="readingOrder {index:4;}" id="line_1660993858198_851"><Coords points="1707,5384 1701,5552 1931,5563 1936,5563 1942,5563 2076,5518 2356,5574 2362,5574 2367,5574 2552,5524 2659,5563 2664,5563 2670,5563 2922,5530 3717,5535 3845,5602 3851,5602 4086,5608 4092,5608 4097,5608 4260,5552 4825,5625 4831,5625 5178,5574 5245,5630 5251,5630 5256,5630 5262,5636 5374,5636 5374,5630 5379,5630 5385,5630 5452,5580 5542,5580 5665,5636 5670,5636 5676,5636 5682,5636 5889,5580 5894,5457 5894,5216 5816,5188 5810,5188 5805,5188 5486,5216 5083,5171 5077,5171 5071,5171 4892,5216 4679,5216 4271,5155 4265,5155 3823,5194 3700,5143 3694,5143 3420,5143 3414,5143 3409,5143 3403,5143 3353,5183 2642,5177 2535,5121 2530,5121 2524,5121 2519,5121 2412,5160 2317,5115 2312,5115 2306,5115 2300,5115 2138,5155 1707,5155 1707,5384"/><Baseline points="1712,5386 1740,5379 1769,5378 1798,5381 1826,5380 1855,5377 1884,5374 2128,5372 2209,5376 2291,5379 2373,5381 2455,5383 2537,5386 2618,5387 2700,5388 2782,5390 2864,5390 2946,5391 3027,5392 3109,5392 3191,5392 3273,5392 3355,5392 3436,5392 3518,5392 3600,5392 3682,5392 3764,5392 4704,5414 4763,5417 4823,5420 4883,5422 4943,5424 5003,5426 5062,5428 5122,5429 5182,5431 5242,5432 5302,5434 5361,5436 5421,5437 5481,5438 5541,5441 5601,5442 5660,5446 5720,5448 5780,5451 5840,5454 5900,5458"/><TextEquiv><Unicode>tates eundem habent meridianum tunc equaliter distant</Unicode></TextEquiv></TextLine><TextLine custom="readingOrder {index:5;}" id="r1l54"><Coords points="1063,5765 1058,5809 3129,5860 3140,5793 3140,5608 2670,5552 2407,5552 2401,5552 2395,5552 2390,5552 2334,5591 1864,5558 1858,5558 1500,5580 1444,5535 1438,5535 1433,5535 1427,5535 1421,5535 1304,5580 1063,5580 1063,5765"/><Baseline points="1068,5768 1171,5770 1275,5772 1379,5774 1482,5774 1586,5776 1690,5776 1793,5778 1897,5778 2001,5780 2105,5780 2208,5782 2312,5782 2416,5784 2519,5784 2623,5786 2727,5787 2830,5788 2934,5790 3038,5792 3142,5794"/><TextEquiv><Unicode>ab oriente et occidente.</Unicode></TextEquiv></TextLine><TextEquiv><Unicode>¶ Et Notandum Que civitates quarum una plus accedit
ad orientem quam alia habent diversos meridianos Ar
cus vero equinoxialis interceptus inter duos meri-
dianos dicitur longitudo civitatum. Si autem due civi-
tates eundem habent meridianum tunc equaliter distant
ab oriente et occidente.</Unicode></TextEquiv></TextRegion><TextRegion custom="readingOrder {index:2;} structure {type:paragraph;}" id="TextRegion_1660993112567_731" orientation="0.0" type="paragraph"><Coords points="740,5840 5919,5840 5919,6737 740,6737"/><TextLine custom="readingOrder {index:0;}" id="line_1660993087096_694"><Coords points="1640,5776 1634,5776 1293,5798 1293,5994 1287,6050 2222,6061 2228,6061 2233,6061 2312,6033 2412,6067 2418,6067 2423,6067 2737,6039 2821,6072 2827,6072 2832,6072 3067,6045 3140,6072 3146,6072 3151,6072 3577,6050 3896,6084 3901,6084 4327,6061 4366,6095 4372,6095 4377,6095 4383,6095 4388,6095 4478,6067 4825,6100 4831,6100 5066,6072 5122,6106 5127,6106 5133,6106 5139,6106 5911,6095 5917,6061 5911,5843 5570,5865 5150,5826 5144,5826 4836,5849 3963,5809 3957,5809 3952,5809 3845,5837 3610,5804 3605,5804 3336,5832 3297,5804 3291,5804 3286,5804 3280,5804 3274,5804 3269,5804 3230,5832 3000,5798 2994,5798 2989,5798 2911,5826 2457,5826 2172,5787 2166,5787 1774,5809 1645,5776 1640,5776"/><Baseline points="1294,5996 1526,5994 1758,5994 1990,5993 2222,5994 2454,5994 2686,5996 2918,6000 3150,6002 3382,6006 3614,6010 3846,6014 4078,6018 4310,6023 4542,6028 4774,6034 5006,6038 5238,6045 5470,6051 5702,6056 5919,6063"/><TextEquiv><Unicode>¶ Postquam Autor determinavit de meridiano diffinitie et quomodo cognosci ha</Unicode></TextEquiv></TextLine><TextLine custom="readingOrder {index:1;}" id="line_1660993087098_696"><Coords points="1657,5994 1651,5994 1645,5994 1539,6033 789,6000 789,6190 783,6240 1041,6229 1102,6268 1108,6268 1114,6268 2082,6285 2088,6285 2256,6257 2379,6291 2384,6291 2390,6291 2575,6263 2692,6296 2698,6296 3118,6302 3123,6302 3655,6274 3924,6313 3929,6313 4545,6291 4836,6324 4842,6324 4847,6324 4943,6296 5161,6336 5167,6336 5547,6308 5670,6347 5676,6347 5682,6347 5911,6308 5917,6280 5911,6117 5183,6100 5021,6056 5015,6056 5010,6056 4724,6089 4629,6045 4624,6045 4618,6045 3817,6067 3761,6033 3756,6033 3750,6033 3554,6028 3549,6028 3543,6028 3420,6067 3213,6022 3207,6022 3017,6061 2692,6011 2687,6011 2401,6045 2261,6005 2256,6005 2250,6005 2244,6005 2104,6045 1768,6045 1662,5994 1657,5994"/><Baseline points="794,6194 1052,6198 1311,6202 1569,6206 1828,6208 2087,6211 2345,6214 2604,6216 2862,6220 3121,6222 3380,6225 3638,6228 3897,6232 4155,6236 4414,6242 4673,6246 4931,6252 5190,6259 5448,6268 5707,6277 5919,6284"/><TextEquiv><Unicode>bet et per loca transit. Iam consequenter ostendit quomodo diverse civitates et regna</Unicode></TextEquiv></TextLine><TextLine custom="readingOrder {index:2;}" id="line_1660993087099_698"><Coords points="1377,6425 1371,6470 5905,6537 5917,6492 5911,6319 1377,6235 1377,6425"/><Baseline points="1378,6428 1607,6426 1837,6426 2067,6428 2297,6430 2527,6432 2756,6434 2986,6438 3216,6442 3446,6446 3676,6450 3905,6456 4135,6462 4365,6466 4595,6470 4825,6476 5054,6480 5284,6486 5514,6490 5744,6494 5919,6497"/><TextEquiv><Unicode>habent diversos meridianos. et quo modo una cicius aut tardius habet me-</Unicode></TextEquiv></TextLine><TextLine custom="readingOrder {index:3;}" id="r1l58"><Coords points="1483,6632 1477,6705 2250,6705 2278,6727 2278,6733 2284,6733 2289,6733 2295,6733 2608,6705 2642,6733 2642,6739 2647,6739 2653,6739 2659,6739 2905,6711 3006,6744 3011,6744 3017,6744 3386,6711 3392,6660 3392,6503 3246,6464 3241,6464 3235,6464 3084,6492 2782,6459 2776,6459 2771,6459 2765,6459 2731,6487 2692,6459 2687,6459 2681,6459 2675,6459 2306,6487 2256,6453 2250,6453 2244,6453 2239,6453 2233,6453 2166,6481 2121,6453 2116,6453 2110,6453 2104,6453 2099,6453 2093,6453 2054,6481 1914,6448 1908,6448 1903,6448 1897,6448 1892,6448 1864,6475 1824,6448 1824,6442 1819,6442 1813,6442 1808,6442 1802,6442 1796,6442 1741,6475 1483,6459 1483,6632"/><Baseline points="1484,6636 1579,6642 1675,6647 1770,6652 1866,6654 1961,6656 2057,6658 2152,6658 2248,6658 2343,6658 2439,6658 2534,6656 2630,6656 2725,6654 2821,6654 2916,6654 3012,6654 3107,6656 3203,6658 3298,6660 3394,6664"/><TextEquiv><Unicode>ridiem quam alia ut patet clare in textu.</Unicode></TextEquiv></TextLine><TextEquiv><Unicode>¶ Postquam Autor determinavit de meridiano diffinitie et quomodo cognosci ha
bet et per loca transit. Iam consequenter ostendit quomodo diverse civitates et regna
habent diversos meridianos. et quo modo una cicius aut tardius habet me-
ridiem quam alia ut patet clare in textu.</Unicode></TextEquiv></TextRegion><TextRegion custom="readingOrder {index:3;} structure {type:paragraph;}" id="TextRegion_1660993138182_736" orientation="0.0" type="paragraph"><Coords points="740,6737 5919,6737 5919,8306 740,8306"/><TextLine custom="readingOrder {index:0;}" id="r1l60"><Coords points="755,6895 750,6946 783,6968 789,6968 794,6968 800,6968 1119,6940 1864,6985 1869,6985 2591,6962 3224,6968 3330,7007 3336,7007 3342,7007 3694,6979 4204,7018 4209,7018 4433,6990 4808,7030 4814,7030 5049,7002 5900,7041 5911,6974 5905,6722 5542,6755 5452,6711 5446,6711 5441,6711 4674,6739 4607,6699 4601,6699 4596,6699 4411,6694 4405,6694 3862,6727 3683,6727 3621,6683 3616,6683 3610,6683 3605,6683 2978,6716 2877,6671 2871,6671 2866,6671 2636,6705 2558,6671 2552,6671 2547,6671 1864,6699 1528,6655 1522,6655 1360,6688 755,6660 755,6895"/><Baseline points="760,6900 1017,6902 1275,6904 1533,6906 1790,6909 2048,6912 2306,6916 2563,6920 2821,6922 3079,6926 3337,6931 3594,6934 3852,6939 4110,6944 4367,6948 4625,6952 4883,6956 5140,6961 5398,6966 5656,6970 5914,6976"/><TextEquiv><Unicode>Notandum pro Intellectu Textus Que longitudo Ci-</Unicode></TextEquiv></TextLine><TextLine custom="readingOrder {index:1;}" id="r1l62"><Coords points="1013,7108 1007,7158 4400,7186 4562,7226 4568,7226 4915,7203 5172,7237 5178,7237 5379,7209 5536,7242 5542,7242 5905,7209 5911,7181 5905,7018 5586,7018 5542,6985 5536,6985 5530,6985 5525,6985 5245,7007 5161,6974 5155,6974 5150,6974 4786,7002 4719,6968 4713,6968 4707,6968 4467,6996 4153,6962 4148,6962 4142,6962 4036,6990 3985,6957 3980,6957 3974,6957 3969,6957 3308,6979 3263,6946 3258,6946 3252,6946 3246,6946 2647,6968 2535,6934 2530,6934 2524,6934 2256,6962 2160,6929 2155,6929 2149,6929 1780,6957 1013,6918 1013,7108"/><Baseline points="1014,7112 1258,7114 1503,7116 1748,7118 1993,7120 2238,7124 2483,7126 2728,7130 2973,7133 3218,7137 3463,7140 3707,7144 3952,7148 4197,7152 4442,7156 4687,7160 4932,7165 5177,7170 5422,7174 5667,7178 5912,7182"/><TextEquiv><Unicode>vitatis est arcus distantie cenith civitatis ab oriente vel occidente. In civi</Unicode></TextEquiv></TextLine><TextLine custom="readingOrder {index:2;}" id="line_1660993087101_700"><Coords points="783,7321 778,7388 5905,7438 5917,7382 5917,7220 5782,7186 5777,7186 5771,7186 5766,7186 5693,7220 5278,7181 5273,7181 5027,7214 4931,7181 4926,7181 4920,7181 4679,7209 4444,7170 4439,7170 4254,7203 4081,7164 4075,7164 4069,7164 3957,7198 3890,7164 3885,7164 3879,7164 3672,7186 3633,7158 3627,7158 3621,7158 3616,7158 2821,7186 2748,7153 2743,7153 2737,7153 2407,7181 2177,7142 2172,7142 1942,7175 1500,7136 1494,7136 1287,7170 1007,7130 1002,7130 783,7158 783,7321"/><Baseline points="784,7326 1041,7328 1299,7330 1557,7334 1814,7336 2072,7340 2330,7344 2587,7348 2845,7352 3103,7356 3361,7360 3618,7364 3876,7368 4134,7371 4391,7374 4649,7378 4907,7380 5164,7382 5422,7384 5680,7386 5919,7386"/><TextEquiv><Unicode>tatibus enim Orientalibus computatur longitudo ab oriente vel gradibus alex-</Unicode></TextEquiv></TextLine><TextLine custom="readingOrder {index:3;}" id="r1l67"><Coords points="738,7545 733,7578 1192,7617 5676,7651 5687,7606 5676,7427 4758,7427 4573,7393 4568,7393 3862,7416 3398,7377 3392,7377 3168,7405 3123,7377 3118,7377 3112,7377 3106,7377 2289,7393 2250,7365 2244,7365 2239,7365 2233,7365 2228,7365 2121,7393 1735,7360 1729,7360 1724,7360 1718,7360 1673,7388 1063,7349 1058,7349 738,7377 738,7545"/><Baseline points="740,7546 987,7548 1235,7552 1482,7554 1730,7558 1978,7560 2225,7564 2473,7566 2720,7568 2968,7572 3216,7574 3463,7576 3711,7580 3958,7582 4206,7586 4454,7588 4701,7592 4949,7596 5196,7600 5444,7604 5692,7608"/><TextEquiv><Unicode>andri. In civitatibus autem occidentalibus sitis in regionibus nostris computatur</Unicode></TextEquiv></TextLine><TextLine custom="readingOrder {index:4;}" id="line_1660993087103_702"><Coords points="1304,7763 1298,7796 5905,7880 5917,7841 5917,7651 5077,7629 5071,7629 5066,7629 4993,7662 4864,7623 4859,7623 4853,7623 4596,7645 4478,7617 4472,7617 4467,7617 4108,7645 3997,7606 3991,7606 3985,7606 3689,7640 3537,7601 3532,7601 3526,7601 3364,7634 3230,7595 3224,7595 3218,7595 2765,7623 2692,7589 2687,7589 2681,7589 2384,7617 2160,7578 2155,7578 1729,7606 1668,7578 1662,7578 1657,7578 1472,7601 1399,7561 1393,7561 1388,7561 1382,7561 1304,7595 1304,7763"/><Baseline points="1306,7766 1575,7772 1844,7778 2113,7782 2382,7785 2651,7788 2920,7790 3189,7792 3458,7794 3727,7796 3996,7800 4265,7802 4534,7806 4803,7812 5072,7818 5341,7824 5610,7833 5879,7844 5919,7845"/><TextEquiv><Unicode>longitudo ab occidente vel gadibus herculis qui sunt in occidente. Ga-</Unicode></TextEquiv></TextLine><TextLine custom="readingOrder {index:5;}" id="r1l70"><Coords points="772,7976 766,8037 1097,8020 1539,8054 1545,8054 1864,8032 1942,8060 1948,8060 1953,8060 2664,8043 2715,8071 2720,8071 2726,8071 2731,8071 3493,8054 3633,8082 5849,8104 5861,8048 5861,7880 5530,7880 5446,7841 5441,7841 5435,7841 5088,7864 4758,7836 4752,7836 4747,7836 4685,7864 4629,7830 4624,7830 4618,7830 4612,7830 4288,7858 3672,7819 3666,7819 3112,7841 2815,7808 2810,7808 2519,7830 2451,7802 2446,7802 2440,7802 2435,7802 2362,7830 2138,7796 2132,7796 1959,7824 1914,7791 1908,7791 1903,7791 1897,7791 1741,7819 772,7796 772,7976"/><Baseline points="776,7978 1030,7982 1284,7984 1538,7988 1793,7991 2047,7994 2301,7998 2556,8000 2810,8004 3064,8006 3319,8010 3573,8013 3827,8016 4081,8020 4336,8024 4590,8028 4844,8032 5099,8036 5353,8042 5607,8046 5862,8052"/><TextEquiv><Unicode>des autem alexandri in oriente Alexander enim magnus cum bellabat versus orien-</Unicode></TextEquiv></TextLine><TextLine custom="readingOrder {index:6;}" id="line_1660994323710_899"><Coords points="1315,8222 1309,8289 1573,8289 1836,8362 1841,8362 1847,8362 2060,8351 2065,8351 2183,8295 2367,8351 2373,8351 2379,8351 2384,8351 2457,8323 2524,8367 2530,8367 2535,8367 2541,8367 2547,8367 2687,8328 2804,8362 2810,8362 2815,8362 2821,8362 2944,8300 3146,8300 3314,8362 3319,8362 3325,8362 3633,8311 3767,8379 3773,8379 3778,8379 3784,8379 3941,8334 4086,8384 4092,8384 4097,8390 4220,8390 4220,8384 4226,8384 4232,8384 4344,8311 4472,8311 4523,8351 4528,8351 4534,8351 4540,8351 4814,8317 4948,8379 4954,8379 4959,8379 4965,8379 4971,8379 5077,8317 5189,8317 5306,8395 5312,8395 5318,8395 5323,8401 5877,8401 5883,8267 5877,8076 3112,8037 3106,8037 2759,8060 2692,8032 2687,8032 2681,8032 2065,8054 1836,8026 1830,8026 1500,8048 1315,8020 1315,8222"/><Baseline points="1320,8224 1350,8224 1381,8224 1412,8224 1702,8212 1911,8218 2120,8224 2329,8228 2538,8233 2748,8236 2957,8240 3166,8244 3375,8246 3584,8248 3794,8250 4003,8252 4212,8254 4421,8256 4630,8258 4840,8260 5049,8262 5258,8264 5467,8266 5676,8268 5886,8272"/><TextEquiv><Unicode>tem ubi amplius venire non poterat propter montes et aque impedimenta po-</Unicode></TextEquiv></TextLine><TextEquiv><Unicode>Notandum pro Intellectu Textus Que longitudo Ci-
vitatis est arcus distantie cenith civitatis ab oriente vel occidente. In civi
tatibus enim Orientalibus computatur longitudo ab oriente vel gradibus alex-
andri. In civitatibus autem occidentalibus sitis in regionibus nostris computatur
longitudo ab occidente vel gadibus herculis qui sunt in occidente. Ga-
des autem alexandri in oriente Alexander enim magnus cum bellabat versus orien-
tem ubi amplius venire non poterat propter montes et aque impedimenta po-</Unicode></TextEquiv></TextRegion><TextRegion custom="readingOrder {index:4;} structure {type:catch-word;}" id="TextRegion_1660993138182_735" orientation="0.0" type="catch-word"><Coords points="740,8306 5919,8306 5919,8530 740,8530"/><TextLine custom="readingOrder {index:0;}" id="r1l74"><Coords points="5043,8518 5234,8541 5239,8479 5239,8283 5049,8283 5043,8479 5043,8518"/><Baseline points="5048,8484 5076,8489 5104,8490 5132,8490 5160,8488 5188,8485 5216,8484 5244,8484"/><TextEquiv><Unicode>H</Unicode></TextEquiv></TextLine><TextEquiv><Unicode>H</Unicode></TextEquiv></TextRegion></Page></PcGts>