7487 10037
1623 289 6873 724 Canon de ambitu terre calculando iuxta astronomie
1645 596 6867 959 precepta et regulas. Notandum per ambitum terre intelligi ter circuitus tocius ele-
1629 819 6856 1193 menti terre et non habitabilis terre et talis non est rotunde figure sed circularis
1623 1014 6845 1394 de quo dictum est superius sufficienter. Quicquid ergo hic dicitur de ambitu et
1629 1249 6867 1605 circuitu terre hoc intelligendum est de circuitu et ambitu totius elementi terre
1629 1455 6839 1845 Continet itaque tocius terre ambitus iuxta priscorum astronomorum et physicorum doc
1623 1678 6527 2074 trinas. 252000. stadia Ad hoc itaque probandum supponatur que cuilibet gradui
1623 1890 6683 2286 in celo correspondent 700. stadia in terra quod et autor in textu affirmat et probat
1679 2141 6661 2503 per usum astrolabii et inquisitionem altitudinis et elevationem poli septentrionalis
1623 2341 6750 2721 ut clare dicit in textu. Si itaque volumus invenire praxi que in toto ambitu ter
1623 2559 6638 2949 re tocius sint 25 2000. stadia primo multiplicemus. 12. signa zodiaci per 30. quia
1629 2776 6733 3150 quodliber signum continet. 30 gradus venient gradus 360 tocius zodiaci deinde mul
1629 3022 6756 3390 tiplicemus 360. gradus per 700. stadia et veniet numerus stadiorum in ambi-
1623 3217 6739 3618 tu terre quem ponit autor in textu scilicet 25 2000. qui est circuitus et ambitus
1623 3451 2521 3719 tocius terre.
1645 3641 6733 4053 Cognito ambitu terre in stadiis. si volumus scire mi-
1629 3914 6705 4282 liaria ytalica in ambitu terre praxis et modus calculandi erit iste dividemus
1629 4131 6638 4499 in primis numerum stadiorum in ambitu terre per octo et octo stadia faciunt unum
1629 4366 6733 4739 miliarie ytalicum et pro primo quociente accipiuntur tria pro secundo unum pro tertio 5. et quid
1623 4566 6694 4957 quid remanet post divisionem hoc addatur ad ultimum quociente scilicet ad quinque ex
1623 4806 6739 5224 et manent due cifre addantur ergo et apponantur post ultimum quocientem scilicet quinque
1623 4996 5891 5386 et venient miliaria 31500. in ambitu terre in miliaribus ytalicis
1623 5241 6689 5654 Cognito ambitu terre in miliaribus ytalicis. Si vo
1662 5498 6309 5849 lumus enim scire miliaribus magnis germanicis dividemus numerum miliario
1623 5687 6683 6100 rum ytaliorum scilicet. 31500. per duo eo que duo miliaria parva vel ytalica faciunt vnum
1623 5916 6616 6328 magnum germanicum et capiatur pro primo quociente unum pro secundo. 5. pro tertio. 7. pro
1623 6167 5366 6490 quarto. 5. et veniet numerus iste quociens 15750. miliaria.
1629 6356 6622 6791 Cognito ambitu terre. In stadiis et miliaribus Galli-
1629 6629 6616 7009 cis et parvis et similiter in miliaribus magnis vel germanicis. Si volumus
1623 6830 6638 7221 terre habitabilis scire stadia miliaria parva sive etiam magna tali ordine ince
1623 7037 6616 7438 dere oportet primo presupponatur iuxta ptholomeum in sapientis almagesti dic
1623 7248 6633 7661 tione prima Que tantum quarta pars terre habitabilis relique autem tres partes
1623 7477 6532 7890 terre sunt inhabitabiles propter aquam que eas occupat. Si ergo dividatur totus
1623 7711 6605 8102 ambitus terre per. 4. scilicet 252000. venient in quociente stadia quarte partis am
1623 7945 6616 8408 bitus terre scilicet 63000. Si aut miliaria magna in toto ambitu terre 15750.
