1520 2290
345 141 1424 180 mentator positionis sue ut dicit Iohannes de iarduno ex verbis
367 184 1423 221 Aristo. in hoc cum dixit Aristo. hic autem intellectus separatus Si enim
373 231 1419 268 intellectus separatus est non potest esse que cuilibet homo haberet pro
378 276 1426 312 prium intellectum et animam que cum suo corpore faceret unum secundum esse et ra
375 322 1423 357 tio eius prima fuit ista. Nulla forma immaterialis multiplicatur in ea
369 365 1421 403 dem specie: sed anima est forma immaterialis igitur non potest multiplicari
373 412 1427 447 multiplicatione corporum et per consequens anima vel intellectus est unus et
375 458 1426 494 separatus quo omnes homines intelligunt. Maior est Aristo. xii. metha-
371 502 1421 537 phisice qui ostendit que multiplicatio plurium individuorum sub una
375 546 1430 583 specie est ratione materie. Vult enim si essent plures motus primi essent
379 592 1430 628 plures motores primi et si essent plures motores primi tunc essent
366 637 1418 672 materiales. Minor est nota: dicitur enim hic tertio huius que intellectus
373 684 1420 717 est immixtus et immaterialis. Et patet que intellectus non est immaterialis
367 726 1419 764 quia intelligit omnia et intelligit universaliter et est locus specierum intelligibilium
371 773 1425 808 et non est virtus organica que omnia non posset salvari si intellectus esset
365 818 1418 852 virtus et substantia materialis ut deductum est superius. Secunda ratio
366 863 1430 896 commentatoris est hec quia si quilibet homo haberet proprium intelle
367 909 1418 943 ctum sequeretur que esset multiplicatio actu infinita quod notat Ari-
373 951 1416 987 stoteles tertio phisicorum patet sequela quia secundum Aristotelem mundus
369 997 1418 1032 est eternus ut dicitur octavo phisicorum et generationes sunt ab eter
374 1043 1418 1078 no eo que motus celi est ab eterno qui est causa generationis ut patet
376 1088 1413 1122 secunda de generatione. Si ergo quilibet homo habeat animam intelle-
371 1134 1422 1169 ctivam propriam et anima intellectiva est incorruptibilis sequitur et con
380 1180 1418 1213 cluditur que erit multitudo actu infinita in animabus hominum . Voluit ergo
371 1224 1409 1260 Commentator que esset unus intellectus onnium hominum quo intelligerent
377 1269 1408 1303 Rationes autem alie Commentatoris patebunt in argumentis. Istam ergo
371 1316 1415 1351 questionem Commentator tertio de anima dixit esse difficillimam inter omnes
375 1361 1416 1394 questiones de anima. Primo ideo quia Aristo. summus philosophus nulli homini
371 1406 1410 1439 eam determinat. Constat autem ut dicit Simplicius super tertium
374 1450 1405 1484 celi et mundi que ubi Aristoteles in philosophia defuit in ambigui-
374 1494 1415 1529 tate et dubio manemus. Secundo dixit eam difficillime quia viri ma
380 1540 1410 1573 gni post Aristotele de materia huius questionis diversa et contraria
368 1585 1412 1620 scripserunt. Themistius enim et Anempote et Averrois qui longe his
374 1629 1396 1664 est posterior unitatem intellectus. Econverso vero Alexander Avi
370 1674 1409 1709 cenna et Algazel collega suus dixerunt animam intellectivam multi-
369 1719 1412 1755 plicari secundum multiplicationem corporum humanorum. Diversitas ergo
369 1764 1405 1800 inter tantos viros non solum est causa difficultatis sed signum in-
372 1810 1414 1844 separabilis difficultatis est causa in difficultate huius questionis
371 1853 1411 1890 efficatia rationum utriusque partis qui ymo et huius questionis diffi-
376 1900 1413 1938 cultas: ut dicit Iohannes de Iarduno veritatem tangit fidei que
