1521 2287
364 150 1412 186 per intellectum agentem. Cum vero dicitur representativa rei univeraliter tangitur finis ip
345 200 1406 231 sius speciei intelligibilis. sicut enim species intelligibilis representat rem et obie
347 240 1409 277 ctum sensibile sic species intelligibilis representat rem intelligibilem cuius est simili
347 289 1409 324 tudo et species. quid autem fit fantasma ostendit idem Commentator secundo
341 332 1407 369 huius circa virtutes sensitivas interiores cum dicit. fantasma est simili-
346 379 1415 414 tudo rei sensate existens et reservata in sensu interiori et precipue fanta
339 423 1419 461 sia que illud reservat quod sensus communis a rebus exterioribus recipit.
364 486 1416 524 Notandum secundo. Que virtus cognitiva est tri
356 535 1413 574 plex. Prima que secundum esse est coniuncta corpori et cum hoc utitur organo cor
347 580 1416 619 poreo et habet pro obiecto simplicter res corporeas et hec cognoscit singulariter
352 628 1416 661 et quodammodo materialiter et hec est virtus sensitiva unum dictum est ante que
348 672 1413 708 sensus est singularium. Secunda virtus cognitiva est que est secundum esse separa
353 717 1414 755 ta a corpore et natura nec utitur corpore nec organo corporali et habet pro ob-
356 763 1410 800 iecto formam substantialem immaterialem quam immaterialiter cognoscit. res tam
353 808 1413 845 materiales etiam cognoscit inquantum in immaterialibus continentet ut sunt substantie
353 850 1413 892 separate. unde dixit Dyonisius que divina cognoscit materialia immate-
355 899 1412 937 rialitet temporalia intemporaliter et corruptibilia incorruptibiliter. Tertia virtus
345 946 1411 981 cognitiva est media que sic secundum esse est coniuncta corpori sed non secundum potentiam
360 988 1409 1026 et illa etiam non utitur organo corporeo in agendo ut est anima intellectiva
367 1035 1417 1070 humana et eius obiectum est quiditas rei materialiter ut postea dicetur et hoc
358 1080 1415 1116 similiter cognoscit universaliter per species quas a rebus colligit et abstrahit.
362 1170 1414 1207 Notandum tertio. Que positio platonis fuit
358 1219 1408 1253 sicut ab ydeis separatis fluunt forme rerum in materiam corporalem que ydee
368 1263 1408 1299 sunt cause essendi particularium et singularium. ita ab eisdem ydeis et for
361 1309 1416 1344 mis separatis fluunt et ingeruntur forme in intellectum nostrum que sunt cau-
359 1354 1410 1389 se cognoscendi sed falsum est hoc. gnoscans enim particulare sic solum dispo
359 1401 1416 1433 neret materiam et non educeret formam quod est falsum. dicitur enim secundo phisicorum.
357 1443 1420 1478 homo gnoscat hominem et sol. falsa similiter est Avicenne positio qui dicebat
363 1489 1414 1523 species intelligibiles non abstrahi a fantasmatibus ab intellectu agen
355 1532 1409 1568 te sed effuere in intellectum nostrum a substantiis separatis et maxime a
367 1577 1414 1613 decima intelligentia quam datorem formarum nominabat. differt tamen positio Avi
367 1621 1414 1659 cenne a positione platonis in isto. primo et Avicenna non posuit quidi
363 1667 1421 1703 tates rerum per se subsistens sine singularibus quemadmodum plato dixit. sed
363 1712 1417 1749 posuit eas in intelligentiam agente. secundo differt positio avicenne a platone
371 1758 1419 1796 et plato posuit species influxas super manere in intellectu. Avicenna vero po
368 1803 1407 1840 suit eas manere in intellectu cessante actuali intellectione. unde et dixit
372 1843 1409 1886 quantumcumque noster intellectus debet intelligere oportet que convertat se ad intelligen-
373 1896 1363 1934 tiam et lumen eius. rationes autem horum patebunt in argumentis.
