1563 2286
385 135 1479 178 apprehensiva ad extendere. Secunda differentia et intellectus specu
415 182 1469 219 lativus ponit finem suum intra se. Intellectus autem practicus ponit fi-
417 229 1479 263 nem suum extra. Ratio primi quia operatio intellectus speculatim est
399 274 1473 310 immanens et manet in operante: sed operatio intellectus practici est tran-
426 319 1476 353 siens. unde et dicitur secundo methaphisice. Finis intellectus speculativi
417 365 1480 399 est scire practici vero opus. Tertia differentia et intellectus specula
421 410 1474 444 tivus utitur specie intelligibili absolute ut solum est principium cogno
413 455 1471 490 scendi: sed practicus non absolute ut est principium cognoscendi sed etiam ut
417 501 1480 535 est exemplar operis ad cuius similitudinem aliquid operatur. Quarta differen
412 547 1482 580 tia et intellectus practicus est causa eorum que ei subduntur et subsunt.
430 592 1470 626 Intellectus autem speculativus quo ad eius operationem est causatus ab il-
428 638 1482 673 lis que ab ipso intelliguntur. Quinta differentia et intellectus specula
415 683 1482 717 tivus est passivus practicus activus etiam intellectus speculativus non utitur
421 729 1476 763 organo corporeo practicus vero utitur. Unde si intellectus practicus non
421 775 1472 810 utitur organo corporeo in acquisitione speciei intelligibilis: utitur tamen organo
406 820 1474 852 corporali in applicatione ipsius ad extra. i. ad operationem. Sequitur cor-
422 865 1478 899 rellarie primo que intellectus speculativus et practicus non differunt
426 909 1470 944 realiter sed ratione tantum. Idem ergo intellectus dicitur specula-
422 953 1480 989 tivus et practicus secundum diversam rationem inquantum enim intellectus
422 999 1480 1036 intelligit aliquid absolute vocatur speculativus. Inquantum vero per for
421 1043 1466 1081 mam apprehensam extenditur ad opus vocatur practicus. Unde et dicitur ter-
429 1090 1476 1130 tio huius que intellectus speculativus sola extensione fit practicus et patet
430 1134 1478 1171 ratione secundum doctorem Sanctum parte prima diversitas accidentalis obiecto
430 1180 1474 1217 ratione non arguit diversitatem potentiarum sed solum diversitas per se et essen
431 1226 1468 1263 tialis ut homo albus et equus albus licet sint diversa obiecta acciden-
428 1271 1466 1308 taliter tamen eadem potentia visiva cognoscuntur. Constat autem que intel
430 1316 1476 1352 lectus speculativus et practicus non differunt nisi accidentaliter quia
429 1362 1470 1397 per esse absolutum et per esse extensum. talis ergo diversitas non facit di-
429 1406 1467 1443 versitatem essentialem inter intellectum speculativum et practicum. Se-
425 1452 1469 1489 quitur correllarie secundo que licet intellectus speculativus et practicus non
425 1496 1464 1535 differunt realiter tamen intellectus speculativus precedit seipsum ut pra-
429 1542 1466 1580 cticus et ut dictum est intellectus speculativus speculatur et considerat
422 1588 1465 1625 formam absolute. Practicus vero refert formam apprehensam ad opis
427 1633 1466 1670 prius autem est apprehendere formam absolute: deinde applicare eam
430 1677 1468 1717 ad opus. Sequitur correllarie tertio que operatio intellectus speculativi
424 1722 1476 1761 est immanens sed aliqua operatio intellectus practici est immanens et
436 1768 1468 1807 aliqua transiens: operatio enim secundum quam producit agibilia est immanens
438 1814 1476 1851 et dicitur actio et talis procedit a prudentia qua recte agimus. Unde dixit
429 1859 1474 1897 Seneca in libello de quattuor virtutibus cardinalibus. Si prudens
411 1906 1478 1944 esse cupis animus tuus tribus dispensetus temporibus presentia ordina: pre
