1773 2451
699 237 984 288 Folio. lvij.
227 315 1494 366 ostendit ⁊ probat que sunt ille substantie que sub destructione ⁊ corruptione cadunt vt
228 364 1488 414 dicit porpositio. Pro cuius euidentia sciendum primo quid sit sempiternu~. Unde sempi
217 411 1474 463 ternum est quod semper est in vno stans: ⁊ hoc nihil abijcit vnq~ʒ a substantia Sed esse eiꝰ
225 460 1478 511 cum eternitate ⁊ ante tempus est. Secundo sciendum quia dicitur in propositione. Om
233 507 1474 558 nis substantia destructibilis aut est composita. ⁊c~. quantum sufficit ad propositum ꝙ q~
227 555 1478 606 dam sunt substantie compositeL alie delate super aliam rem. Sed quia substantie compo
222 602 1474 655 site a composito dicuntur. Ideo sciendum ꝙ composita sunt in multiplici differentia.
220 652 1480 702 Quedam sunt de simplicibus ante se existentibus ⁊ in que etiam per compositionem re
228 699 1470 749 soluuntur: ⁊ talia solum diuisibilia sunt. Hec enim actu alicuius componentis compo
212 746 1468 797 sita sunt qui agit in ipsis compositionem. Corollarie sequitur ꝙ omne tale compositu~
221 795 1337 845 est compositum motu quo composita deducta sunt ad formam compositionis.
220 843 1470 894 Corollarium secundum quodlibet componentium talium compositum multiplex est.
218 892 1462 942 Sunt ⁊ alia que quantitate distenta sunt vel potentijs expansa sed in potentia ⁊ in actu
220 940 1462 991 no~ sunt nec motu distensa: nec dicuntur composita: sed tota integra sunt ⁊ alia que licet
216 987 1466 1038 forme compositionis no~ sunt nec scd'm rationem qualitates nec armonie compositionu~
206 1034 1464 1087 sunt sed sunt sicut actus vel perfectiones vel endelechie eo ꝙ sine principijs taliter com
210 1083 1456 1135 positorum nihil operantur vt virtutes organice vt est anima vehetabilis in plantis. ⁊
218 1131 1464 1184 anima sensibilis in brutis. que quia sine organis talibus nihil operantur. Ideo corru-
212 1181 1460 1234 ptis organis corrumpuntur ⁊ ille sunt substantie que super compositum delate sunt hoc
218 1230 1464 1282 est fixe ⁊ per generationem differentem illate sunt organis ⁊ propter hoc destructibiles
205 1277 1456 1330 ⁊ corruptibiles sunt. Ex quo sequit corollarie scd'm dominu~ Albertum ꝙ anima rati
216 1325 1452 1378 onalis vel intellectualis in homine neutro modo corruptibilis est quia ipsa non est co~
204 1373 1456 1427 posita substantia nec delata super eam ex eo ꝙ est separata ⁊ secundum substantiam ⁊ se
212 1421 1446 1474 cundum operationem. vt probatur in tertio de anima. Corollarium secundum. Poten
208 1468 1452 1522 tie anime etiam sunt incorruptibiles ex eadem radice ⁊ maxime intellectiua ⁊ volitiua.
202 1517 1458 1570 Quod dico propter sensitiuam ⁊ vehetatiuam. Quia ille vt dicit hic dominꝰ Albertꝰ du
210 1565 1444 1619 pliciter considerantur scilicet secundum esse ⁊ secundum principium a quo fluunt id est
202 1612 1446 1666 secundum sui substantiam. Secundum esse quidem sensibilis potentia ⁊ vehetabilis et
204 1660 1442 1715 etiam anima in organo est. Secundum radicem autem ⁊ principium radicantur in ani
204 1708 1446 1762 mo rationali. Corollarie sequitur ex hoc ꝙ potentia sensitiua ⁊ vehetatiua secundum
200 1756 1452 1811 esse ⁊ secundum operationem destruuntur destructis organis. Secundum substantiam
204 1804 1448 1858 autem ⁊ radicem in anima manet rationali. Corollarium tertium Potentia vehetati
206 1853 1452 1906 ua ⁊ sensitiua secundum quid destruuntur. simpliciter autem manent. Accidit enim po
200 1900 1450 1954 tentie esse ⁊ mutari secundum organi dispositionem. Ut dicit Aristotiles. Si senior ac
204 1947 926 2002 cipiat oculum iuuenis videbit vtiqꝰ sicut ⁊ iuuenis.
196 1995 1460 2056 Corollariu~ quartu~. Error maximus est alexandri de i~tellectu possibili qⁱ error qⁱa in ter
