1766 2445
273 268 1543 378 damentum quod dicitur de incorruptibulitate vniuersalium scilicet ꝙ vniuersalia sunt
270 345 1522 423 incorruptibilia pro quanto stant in lumine cause prime. Unde in proponendo istam ꝓ
278 393 1537 475 positionem specialem modum seruat q~ʒ in alijs. In proponendo enim propositionem in
278 441 1537 524 tendit talem rationem. Omnis substantia stans per essentiam suam non est generata ex
278 484 1535 574 alia re. Sed substantie vnite intellectuales sunt stantes per essentiam suam: ergo substan
279 536 1535 620 tie vnite intellectuales non sunt generate ex re alia. De hac autem ratione in sua propo-
283 582 1541 671 sitione primo ponite co~clusionem: ⁊ secu~do maiorem: ⁊ tacet minorem ⁊ ait. Substantie
278 649 768 713 vnite. ⁊ cetera. Co~clusio videatur.
278 709 1545 809 ꝙ si aliquis dicat possibile est vt sit generata ex alia re. Dicemus si
277 808 1555 895 possibile est vt substantia per se stans per essentiam suam sit genera-
286 897 1548 987 ta ex re alia. proculdubio est substantia illa diminuta indige~s vt co~-
294 998 889 1088 pleatur ad id ex quo generatur.
296 1052 1559 1153 Proposita propositione declarat eam. Circa quod quatuor facit. Quia primo premit-
290 1123 1554 1199 tit quandam veritatem. Secundo ex veritate premissa ex qua probat minorem preceden
298 1162 1552 1245 tis rationis declarat intentum. Tertio remouet quandam cauillationem: siue respondet
308 1214 1554 1295 cuidam tacite questioni. Quarto ⁊ vltimo epilogat. Partes patebunt. Prima au~t pars
307 1260 1560 1346 sic continuatur. Bene dictum est ꝙ substantie vnite intellectuales non sunt generate ex
307 1313 1558 1390 re alia. Quia omnis talis substantia est stans per suam essentiam: ergo non est genera-
312 1359 1558 1439 ta ex re alia: quia si quis dicat possibile est ꝙ substantia stans per essentiam suam genere
312 1408 1558 1487 retur ex re alia. Sequitur hoc inconueniens ꝙ idem esset diminutum ⁊ indigens ⁊ no~ in
311 1450 1558 1533 digens ⁊ ita non diminutum quod est impossibile. Quia implicatio contradictio~is. Se
311 1505 1562 1583 quela probatur. Quia bene sequitur ex vna parte substantia est stans per essentiam suam
308 1551 1562 1631 ergo stat in esse suo perfecto: siue in forma ad formationem sui non indigente re aliqua:
307 1596 1564 1680 ita ꝙ ipsa est causa sue formationis ⁊ esse ex his que habet inter seipsam quare est integra
302 1646 1567 1725 semper stans in sua essentia. Et ex alia parte sequitur est generata ex alia re ergo habet es
305 1693 1571 1782 se diminutum eo ꝙ per se ad actum duci non potest ⁊ ita est indigens generante: ⁊ ita pa
301 1757 470 1850 tet sequela.
302 1812 1579 1926 Et signatio illius est generatio ip~a. quod est quia generatio non est
307 1909 1586 2017 nisi via a diminutione ad complementum. Nam si inuenitur res no~
