1773 2451
695 196 985 300 Folio. lvij.
224 285 1493 369 ostendit ⁊ probat que sunt ille substantie que sub destructione ⁊ corruptione cadunt vt
226 352 1487 419 dicit porpositio. Pro cuius euidentia sciendum primo quid sit sempiternu~. Unde sempi
215 397 1473 465 ternum est quod semper est in vno stans: ⁊ hoc nihil abijcit vnq~ʒ a substantia Sed esse eiꝰ
223 445 1477 514 cum eternitate ⁊ ante tempus est. Secundo sciendum quia dicitur in propositione. Om
231 490 1473 566 nis substantia destructibilis aut est composita. ⁊c~. quantum sufficit ad propositum ꝙ q~
224 544 1477 612 dam sunt substantie compositeL alie delate super aliam rem. Sed quia substantie compo
220 586 1473 654 site a composito dicuntur. Ideo sciendum ꝙ composita sunt in multiplici differentia.
217 634 1478 706 Quedam sunt de simplicibus ante se existentibus ⁊ in que etiam per compositionem re
226 684 1469 750 soluuntur: ⁊ talia solum diuisibilia sunt. Hec enim actu alicuius componentis compo
209 728 1467 800 sita sunt qui agit in ipsis compositionem. Corollarie sequitur ꝙ omne tale compositu~
219 785 1335 846 est compositum motu quo composita deducta sunt ad formam compositionis.
217 825 1469 897 Corollarium secundum quodlibet componentium talium compositum multiplex est.
216 882 1461 946 Sunt ⁊ alia que quantitate distenta sunt vel potentijs expansa sed in potentia ⁊ in actu
217 927 1461 994 no~ sunt nec motu distensa: nec dicuntur composita: sed tota integra sunt ⁊ alia que licet
215 969 1465 1049 forme compositionis no~ sunt nec scd'm rationem qualitates nec armonie compositionu~
204 1021 1463 1098 sunt sed sunt sicut actus vel perfectiones vel endelechie eo ꝙ sine principijs taliter com
208 1071 1455 1146 positorum nihil operantur vt virtutes organice vt est anima vehetabilis in plantis. ⁊
216 1120 1463 1194 anima sensibilis in brutis. que quia sine organis talibus nihil operantur. Ideo corru-
209 1169 1459 1243 ptis organis corrumpuntur ⁊ ille sunt substantie que super compositum delate sunt hoc
216 1218 1463 1285 est fixe ⁊ per generationem differentem illate sunt organis ⁊ propter hoc destructibiles
204 1266 1455 1335 ⁊ corruptibiles sunt. Ex quo sequit corollarie scd'm dominu~ Albertum ꝙ anima rati
213 1315 1451 1380 onalis vel intellectualis in homine neutro modo corruptibilis est quia ipsa non est co~
201 1360 1455 1435 posita substantia nec delata super eam ex eo ꝙ est separata ⁊ secundum substantiam ⁊ se
209 1410 1444 1481 cundum operationem. vt probatur in tertio de anima. Corollarium secundum. Poten
206 1455 1451 1529 tie anime etiam sunt incorruptibiles ex eadem radice ⁊ maxime intellectiua ⁊ volitiua.
200 1507 1457 1576 Quod dico propter sensitiuam ⁊ vehetatiuam. Quia ille vt dicit hic dominꝰ Albertꝰ du
208 1553 1443 1627 pliciter considerantur scilicet secundum esse ⁊ secundum principium a quo fluunt id est
200 1599 1444 1672 secundum sui substantiam. Secundum esse quidem sensibilis potentia ⁊ vehetabilis et
202 1650 1440 1722 etiam anima in organo est. Secundum radicem autem ⁊ principium radicantur in ani
201 1696 1444 1770 mo rationali. Corollarie sequitur ex hoc ꝙ potentia sensitiua ⁊ vehetatiua secundum
197 1744 1451 1815 esse ⁊ secundum operationem destruuntur destructis organis. Secundum substantiam
201 1794 1447 1862 autem ⁊ radicem in anima manet rationali. Corollarium tertium Potentia vehetati
204 1839 1451 1911 ua ⁊ sensitiua secundum quid destruuntur. simpliciter autem manent. Accidit enim po
197 1888 1448 1967 tentie esse ⁊ mutari secundum organi dispositionem. Ut dicit Aristotiles. Si senior ac
201 1936 925 2004 cipiat oculum iuuenis videbit vtiqꝰ sicut ⁊ iuuenis.
193 1973 1459 2091 Corollariu~ quartu~. Error maximus est alexandri de i~tellectu possibili qⁱ error qⁱa in ter
