1740 2637
715 118 1536 251 Liber Secundus
555 235 1669 341 opinionibus diximus. Est autem quorundam quidem quedam
551 334 1666 436 altera causa. quorundam autem non est. diffinitiones quidem
554 432 1672 530 secundum species facte. nullum habent medium quo demonstren
537 524 1676 629 tur sed diffinitiones secundum materiam facte possunt habere me
543 627 1659 728 dium. Quare manifestum est quoniam eorum que sunt qui-
548 719 1659 823 dem. alia sine medio et principia sunt que et esse et quia sunt
539 814 1660 914 supponere oportet aut alio modo manifesta facere. quod vere
536 908 1666 1018 arithmeticus facit et nanque quid est unitatem supponit. et et
543 1009 1663 1117 est. sed habentium medium quorum est quedam altera causa
543 1104 1669 1214 substantie et ipsius esse est per demonstrationem sicut dictum est
542 1232 1364 1302 ostendere non quod quid est demonstrantes.
546 1270 1659 1360 ¶ Utrum quod quid est aliquo modo per demonstrationem possit ostendi.
548 1318 1654 1409 Pro intellectione huius questionis mote. Notandum est primo Que post-
549 1362 1653 1451 quam aristotiles disputative inquisivit qualiter cognoscatur definitio et signifi-
548 1404 1653 1495 catum eius scilicet ipsum que quid est. Nunc ergo declarat modum demonstrandi ipsum
542 1448 1650 1538 quod quid est et qualiter eius possit esse definitio et demonstratio. postquam manifesta-
543 1491 1649 1580 vit que eiusdem inquantum idem non est definitio et demonstratio. neque definitio est probabilis de eo
543 1533 1653 1627 cuius est per sylogismum vel demonstrationem in eo que quid est. Ideo circa easdem
546 1574 1647 1670 questiones absolute sumptas. videndum est quid bene dictum est et quid non bene et
543 1620 1650 1716 quid dicendum et maxime circa questionem que querit utrum ipsum que quid est sit demonstra-
bile de eo cuius est in eo que quid est. Ad intelligentiam ergo istius aristo. in textu
542 1705 1653 1803 ostendit et probat tria. Primum aliqua definitio est demonstrabilis de suo diffinito per aliam
543 1749 1649 1847 ut definitio materialis demonstratur de diffinito per definitionem formalem ut aristo. facit
542 1790 1654 1889 secundo de anima ubi definitionem materialem animee scilicet anima est actus corporis organici philosphi
543 1835 1650 1930 ci vitam habentis in potentia. demonstrat de ipsa anima per definitionem formalem scilicet anima
543 1882 1649 2009 est quo vivimus sentimus movemur et intelligimus primum. Similiter tertio philosophi
