<?xml version='1.0' encoding='UTF-8'?>
<PcGts xmlns:xsi="http://www.w3.org/2001/XMLSchema-instance" xmlns="http://schema.primaresearch.org/PAGE/gts/pagecontent/2019-07-15" xsi:schemaLocation="http://schema.primaresearch.org/PAGE/gts/pagecontent/2019-07-15 http://schema.primaresearch.org/PAGE/gts/pagecontent/2019-07-15/pagecontent.xsd"><Metadata><Creator>prov=University of Rostock/Institute of Mathematics/CITlab|PLANET AI GmbH/Tobias Gruening/tobias.gruening@planet-ai.de:name=/net_tf/LA73_249_0mod360.pb:de.uros.citlab.segmentation.CITlab_LA_ML:v=2.6.7
Transkribus</Creator><Created>2022-03-28T11:47:29</Created><LastChange>2022-12-13T18:48:29</LastChange><Comments/></Metadata><Page imageFilename="GLOG_AnPost-0321.jpg" imageHeight="2651" imageWidth="1716"><ReadingOrder><OrderedGroup caption="Regions reading order" id="ro_1670953709527"><RegionRefIndexed index="0" regionRef="TextRegion_1652100008919_465"/><RegionRefIndexed index="1" regionRef="region_1652102064272_597"/><RegionRefIndexed index="2" regionRef="TextRegion_1652100012552_471"/><RegionRefIndexed index="3" regionRef="region_1652102041568_586"/><RegionRefIndexed index="4" regionRef="TextRegion_1652100016939_476"/><RegionRefIndexed index="5" regionRef="region_1652102020879_574"/><RegionRefIndexed index="6" regionRef="TextRegion_1652100021455_481"/><RegionRefIndexed index="7" regionRef="region_1652101990720_562"/><RegionRefIndexed index="8" regionRef="TextRegion_1652100025354_486"/><RegionRefIndexed index="9" regionRef="region_1652101973888_553"/><RegionRefIndexed index="10" regionRef="TextRegion_1652100029519_491"/><RegionRefIndexed index="11" regionRef="TextRegion_1652100029519_490"/></OrderedGroup></ReadingOrder><TextRegion custom="readingOrder {index:0;} structure {type:header;}" id="TextRegion_1652100008919_465" orientation="0.0" type="header"><Coords points="67,178 1171,178 1171,241 67,241"/><TextLine custom="readingOrder {index:0;}" id="line_1652100068196_503"><Coords points="79,197 78,217 136,219 160,237 162,237 163,237 164,237 206,234 219,244 219,245 220,245 222,245 303,248 487,254 489,254 490,254 491,254 514,237 572,237 636,259 637,259 639,259 640,259 680,238 714,248 715,248 717,248 718,248 746,240 782,240 844,266 845,266 895,268 897,268 898,268 899,268 927,245 995,247 1022,269 1023,269 1025,269 1026,269 1028,269 1029,269 1062,250 1081,259 1082,259 1084,259 1160,253 1162,228 1163,145 1075,144 1073,144 1072,144 1070,144 1060,153 1029,148 1028,148 1026,148 997,157 964,141 963,141 961,141 960,141 941,150 874,139 873,139 846,141 845,141 807,162 726,160 683,132 681,132 680,132 679,132 646,135 645,135 643,135 609,154 534,154 458,132 456,132 425,132 424,132 422,132 421,132 405,144 380,135 378,135 377,135 375,135 352,142 316,126 315,126 313,126 312,126 279,144 238,142 216,123 215,123 213,123 81,110 79,197"/><Baseline points="80,198 105,201 130,204 155,208 181,211 206,214 231,217 257,221 282,223 307,226 333,228 358,229 383,231 409,232 434,232 459,232 485,231 625,236 651,235 678,233 705,233 732,232 759,232 786,232 813,233 840,233 867,234 894,234 920,235 947,235 974,235 1001,236 1028,236 1055,235 1082,234 1109,233 1136,232 1163,229"/><TextEquiv><Unicode>Posteriorum Fo. CLXVIII</Unicode></TextEquiv></TextLine><TextEquiv><Unicode>Posteriorum Fo. CLXVIII</Unicode></TextEquiv></TextRegion><TextRegion custom="readingOrder {index:1;} structure {type:[drop-capital];}" id="region_1652102064272_597"><Coords points="51,231 152,231 152,322 51,322"/><TextLine custom="readingOrder {index:0;}" id="line_1652102070856_601"><Coords points="64,242 137,242 137,312 64,312"/><TextEquiv><Unicode>A</Unicode></TextEquiv></TextLine><TextEquiv><Unicode>A</Unicode></TextEquiv></TextRegion><TextRegion custom="readingOrder {index:2;} structure {type:paragraph;}" id="TextRegion_1652100012552_471" orientation="0.0" type="paragraph"><Coords points="67,241 1171,241 1171,609 67,609"/><TextLine custom="readingOrder {index:0;}" id="r1l3"><Coords points="82,281 125,294 126,294 128,294 129,294 142,287 167,301 169,301 170,301 172,301 173,301 190,294 281,310 547,321 549,321 614,313 636,324 637,324 639,324 726,312 755,328 757,328 758,328 760,328 813,312 838,322 839,322 841,322 892,313 985,324 986,324 1159,322 1160,301 1160,268 1041,263 1039,263 1038,263 1020,270 997,262 995,262 994,262 992,262 969,269 936,260 935,260 933,260 874,268 821,256 820,256 818,256 798,266 762,260 761,260 760,260 742,269 727,256 726,256 724,256 723,256 665,269 587,268 399,260 381,251 380,251 378,251 245,253 85,226 83,260 82,281"/><Baseline points="85,262 138,272 192,281 246,288 300,294 354,299 407,302 461,305 515,306 569,306 623,306 676,306 730,305 784,304 838,303 892,301 945,301 999,300 1053,300 1107,301 1161,303"/><TextEquiv><Unicode>rguitur tertio. Definitio subiecti non ponitur pro medio. igitur. probatur medi</Unicode></TextEquiv></TextLine><TextLine custom="readingOrder {index:1;}" id="r1l4"><Coords points="796,303 795,303 758,316 677,306 676,306 634,313 623,306 615,306 600,306 596,306 561,312 517,306 512,306 497,306 483,306 468,306 453,304 438,304 424,303 409,303 394,301 380,301 262,301 250,290 250,288 247,288 245,288 201,297 184,285 182,285 181,285 179,285 128,290 89,276 86,306 85,322 138,324 159,341 160,341 162,341 163,341 204,338 245,349 247,349 524,359 525,359 730,353 1151,360 1154,346 1153,315 1001,316 957,307 955,307 882,312 871,304 870,304 869,304 867,304 866,304 839,312 798,303 796,303"/><Baseline points="87,307 140,317 193,326 247,333 300,338 354,343 407,346 460,348 514,349 567,349 621,349 674,349 727,348 781,347 834,346 888,345 941,344 994,344 1048,344 1101,345 1155,347"/><TextEquiv><Unicode>um in demonstratione potissima debet dicere essentialem causam passionis.</Unicode></TextEquiv></TextLine><TextLine custom="readingOrder {index:2;}" id="r1l5"><Coords points="863,346 848,346 729,357 693,357 683,349 671,349 656,349 642,349 640,349 586,356 549,349 539,349 524,349 509,349 497,349 453,350 447,347 435,347 421,346 406,346 391,344 377,343 362,343 354,341 296,343 181,326 179,326 178,326 160,331 144,318 142,318 129,315 72,307 70,341 69,359 101,360 117,375 117,377 119,377 120,377 122,377 123,377 139,372 176,387 178,387 179,387 181,387 200,381 266,396 583,410 584,410 662,400 687,410 689,410 690,410 692,410 693,410 707,399 752,410 754,410 755,410 757,410 799,399 1153,410 1156,391 1154,359 978,350 976,350 975,350 957,357 950,350 948,350 947,350 945,350 944,350 926,357 871,346 863,346"/><Baseline points="71,343 125,355 179,366 233,374 288,381 342,387 396,390 451,392 505,394 559,394 614,394 668,393 722,392 776,391 831,390 885,389 939,388 994,387 1048,388 1102,389 1157,392"/><TextEquiv><Unicode>sed definitio subiecti non dicit essentialem et propriam et proximam causam passionis. igitur.</Unicode></TextEquiv></TextLine><TextLine custom="readingOrder {index:3;}" id="r1l6"><Coords points="874,390 869,390 851,397 814,390 813,390 764,400 740,391 739,391 737,391 736,391 708,400 634,393 633,393 580,400 247,387 231,378 229,378 228,378 226,378 212,384 159,374 145,362 145,360 144,360 142,360 141,360 139,360 123,365 111,354 110,354 108,354 69,353 67,385 66,403 119,410 176,434 178,434 179,434 181,434 217,424 275,438 276,438 580,452 581,452 648,444 673,455 674,455 676,455 677,455 679,455 702,440 721,452 723,452 724,452 726,452 727,452 729,452 748,437 818,450 820,450 866,441 1150,450 1154,432 1154,400 955,400 880,388 874,390"/><Baseline points="69,386 123,399 177,409 231,418 286,424 340,429 394,433 449,436 503,437 557,438 612,437 666,437 720,436 774,434 829,433 883,432 937,431 992,431 1046,431 1100,432 1155,434"/><TextEquiv><Unicode>Maior et demonstatio est ex propria et proxima causa ut dictum est ante. Minor</Unicode></TextEquiv></TextLine><TextLine custom="readingOrder {index:4;}" id="r1l7"><Coords points="907,431 905,431 904,431 902,431 871,440 860,432 851,432 839,432 808,440 795,434 792,434 783,434 777,440 770,434 762,434 748,434 733,435 718,435 684,446 621,437 620,437 462,438 276,432 235,418 234,418 219,415 207,413 175,422 128,402 126,402 75,399 73,432 72,452 116,453 156,474 157,474 159,474 160,474 181,468 200,480 201,480 203,480 204,480 241,474 265,483 266,483 564,494 565,494 658,487 686,499 687,499 689,499 690,499 709,488 755,499 757,499 758,499 807,486 839,496 841,496 842,496 844,496 866,486 1157,494 1160,475 1160,441 942,432 941,432 939,432 938,432 925,443 908,431 907,431"/><Baseline points="75,433 129,445 183,454 237,462 292,469 346,474 400,477 455,479 509,480 563,481 618,481 672,480 726,479 780,477 835,476 889,475 943,474 998,473 1052,474 1106,475 1161,477"/><TextEquiv><Unicode>et definitio passionis est plus propria et proxima passioni quam definitio subiecti. ¶ Di</Unicode></TextEquiv></TextLine><TextLine custom="readingOrder {index:5;}" id="r1l8"><Coords points="810,477 799,477 748,487 739,480 737,480 736,480 735,480 689,486 661,480 648,480 633,480 618,480 603,480 596,487 515,486 260,474 243,462 237,462 203,468 78,443 76,474 75,491 111,505 113,505 114,505 147,502 167,518 169,518 170,518 172,518 173,518 188,511 248,522 514,534 515,534 637,528 704,536 705,536 707,536 740,527 788,530 801,541 802,541 804,541 805,541 807,541 808,541 823,528 898,527 947,537 948,537 950,537 951,537 964,530 1151,536 1156,518 1154,487 905,478 904,478 902,478 873,488 814,477 810,477"/><Baseline points="78,475 134,488 191,498 248,506 305,512 361,517 418,520 475,523 532,524 589,524 645,524 702,523 759,522 816,520 873,519 929,518 986,517 1043,517 1100,517 1157,519"/><TextEquiv><Unicode>co que argumentum non concludit et definitio subiecti et quiditas subiecti est etiam</Unicode></TextEquiv></TextLine><TextLine custom="readingOrder {index:6;}" id="r1l9"><Coords points="854,519 852,519 811,536 788,521 777,521 765,521 717,533 702,522 689,524 677,524 653,531 640,524 630,524 615,524 600,524 586,524 571,524 559,524 525,527 514,524 512,524 497,524 483,524 468,522 459,522 450,524 306,519 297,511 293,511 250,515 234,505 232,505 231,505 229,505 228,505 210,513 192,499 190,499 188,499 166,503 151,491 151,490 147,490 117,496 75,487 73,519 72,549 178,553 244,569 245,569 247,569 263,562 287,574 288,574 290,574 415,572 425,580 427,580 428,580 596,587 1144,592 1148,562 1147,530 944,530 919,521 917,521 916,521 914,521 913,521 904,528 855,519 854,519"/><Baseline points="75,520 128,531 182,541 236,549 289,555 343,559 397,563 450,565 504,566 558,567 612,566 665,566 719,565 773,563 826,562 880,561 934,561 987,560 1041,561 1095,562 1149,564"/><TextEquiv><Unicode>quodammodo causa essentialis passionis est enim causa eius per se et ipsum subie</Unicode></TextEquiv></TextLine><TextLine custom="readingOrder {index:7;}" id="r1l10"><Coords points="76,558 73,574 117,590 119,590 120,590 122,590 141,586 156,596 157,596 159,596 291,614 293,614 356,611 378,625 380,625 381,625 382,625 384,625 402,617 463,624 466,608 466,575 353,572 306,556 304,556 303,556 301,556 282,562 204,553 79,527 76,558"/><Baseline points="78,559 103,566 129,572 155,578 181,583 207,588 233,592 259,596 285,599 311,601 337,604 363,605 389,607 415,608 441,608 467,609"/><TextEquiv><Unicode>ctum ponitur in definitione passionis.</Unicode></TextEquiv></TextLine><TextEquiv><Unicode>rguitur tertio. Definitio subiecti non ponitur pro medio. igitur. probatur medi
um in demonstratione potissima debet dicere essentialem causam passionis.
sed definitio subiecti non dicit essentialem et propriam et proximam causam passionis. igitur.
Maior et demonstatio est ex propria et proxima causa ut dictum est ante. Minor
et definitio passionis est plus propria et proxima passioni quam definitio subiecti. ¶ Di
co que argumentum non concludit et definitio subiecti et quiditas subiecti est etiam
quodammodo causa essentialis passionis est enim causa eius per se et ipsum subie
ctum ponitur in definitione passionis.</Unicode></TextEquiv></TextRegion><TextRegion custom="readingOrder {index:3;} structure {type:[drop-capital];}" id="region_1652102041568_586"><Coords points="42,588 138,588 138,660 42,660"/><TextLine custom="readingOrder {index:0;}" id="line_1652102051208_592"><Coords points="50,601 124,601 124,654 50,654"/><TextEquiv><Unicode>A</Unicode></TextEquiv></TextLine><TextEquiv><Unicode>A</Unicode></TextEquiv></TextRegion><TextRegion custom="readingOrder {index:4;} structure {type:paragraph;}" id="TextRegion_1652100016939_476" orientation="0.0" type="paragraph"><Coords points="67,609 1171,609 1171,1031 67,1031"/><TextLine custom="readingOrder {index:0;}" id="r1l11"><Coords points="73,603 70,615 86,628 95,608 100,568 79,564 73,603"/><Baseline points="74,604 96,609"/><TextEquiv><Unicode>rguitur quarto. Definitio subiecti non debet esse medium in demonstratione potissi-</Unicode></TextEquiv></TextLine><TextLine custom="readingOrder {index:1;}" id="r1l12"><Coords points="72,668 194,686 195,686 197,686 217,680 279,698 281,698 559,708 561,708 562,708 583,699 645,706 646,706 740,702 754,712 755,712 757,712 758,712 760,712 793,702 1153,708 1156,690 1154,658 899,649 898,649 897,649 867,658 830,646 829,646 827,646 826,646 779,662 732,646 730,646 729,646 727,646 704,658 659,658 648,649 648,648 646,648 645,648 643,648 571,658 539,658 528,648 528,646 527,646 525,646 524,646 522,646 503,655 315,649 303,639 301,639 300,639 299,639 297,639 296,639 282,646 198,643 132,620 131,620 75,618 73,650 72,668"/><Baseline points="75,652 129,663 183,672 237,679 291,686 345,690 399,693 453,695 507,696 561,696 616,696 670,695 724,694 778,692 832,691 886,690 940,689 994,689 1048,689 1102,690 1157,692"/><TextEquiv><Unicode>ma. igitur. probatur et medium in demonstratione potissima vera positione</Unicode></TextEquiv></TextLine><TextLine custom="readingOrder {index:2;}" id="r1l13"><Coords points="810,692 799,692 745,708 705,695 692,695 677,695 662,695 653,695 642,703 600,696 589,696 574,696 565,696 559,699 397,695 266,689 259,681 251,681 247,680 232,686 191,673 178,671 176,671 166,678 138,664 134,664 120,661 113,659 78,656 76,690 75,708 248,740 549,754 550,754 593,746 605,755 606,755 608,755 609,755 611,755 639,746 695,754 696,754 698,754 699,754 708,746 774,751 776,751 777,751 779,751 786,745 801,755 802,755 804,755 805,755 807,755 841,743 886,752 888,752 920,746 1000,757 1001,758 1156,758 1157,737 1157,703 970,695 969,695 932,701 902,692 901,692 899,692 839,698 816,692 810,692"/><Baseline points="77,692 131,704 185,713 239,721 293,728 347,733 401,736 455,738 509,740 563,740 618,740 672,739 726,738 780,737 834,736 888,735 942,734 996,734 1050,735 1104,736 1159,739"/><TextEquiv><Unicode>debet esse medium. sed tale medium est definitio passionis. et non subiecti. igitur. Ma-</Unicode></TextEquiv></TextLine><TextLine custom="readingOrder {index:3;}" id="r1l14"><Coords points="849,736 838,736 810,748 792,736 790,736 776,737 761,737 746,737 732,737 727,737 698,749 686,740 684,740 683,740 681,740 680,740 662,749 649,739 643,739 628,739 626,739 600,749 278,736 229,726 228,726 226,726 215,731 179,711 173,711 148,717 116,701 114,701 73,699 72,731 70,749 275,786 600,801 602,801 603,801 628,789 673,802 674,802 676,802 677,802 679,802 687,796 695,802 695,804 696,804 698,804 699,804 805,784 835,796 836,796 838,796 839,796 857,786 876,799 877,799 879,799 880,799 882,799 916,789 1057,802 1059,802 1150,799 1151,780 1151,748 953,740 951,740 950,740 948,740 938,748 926,739 925,739 923,739 889,739 888,739 886,739 866,751 849,736 849,736"/><Baseline points="73,733 127,746 181,756 235,764 289,771 343,776 397,780 451,782 505,784 559,784 613,784 667,783 721,782 775,781 829,780 883,778 937,777 991,777 1045,778 1099,779 1153,781"/><TextEquiv><Unicode>iorem aristo. in textu. Minor patet definitio passionis est prior passione ex quo</Unicode></TextEquiv></TextLine><TextLine custom="readingOrder {index:4;}" id="r1l15"><Coords points="804,780 802,780 801,780 776,790 758,782 755,782 740,782 739,782 702,796 676,796 645,783 637,783 623,783 618,783 575,792 248,777 231,765 229,765 228,765 226,765 166,765 144,748 138,748 136,746 67,742 66,771 64,790 150,805 166,820 166,821 167,821 169,821 170,823 296,823 313,830 315,830 524,832 648,846 649,846 735,835 814,842 816,842 817,842 852,830 874,838 876,838 1159,845 1162,824 1162,795 967,784 966,784 964,784 944,793 929,783 927,783 926,783 925,783 880,789 869,780 867,780 866,780 864,780 863,780 833,793 805,780 804,780"/><Baseline points="67,773 121,786 176,798 231,807 286,814 341,820 395,824 450,827 505,828 560,829 615,828 669,828 724,826 779,825 834,823 889,822 943,821 998,821 1053,821 1108,822 1163,825"/><TextEquiv><Unicode>diffinit passionem et definitio est per priora. et ipsa passio est posterior subiecto et</Unicode></TextEquiv></TextLine><TextLine custom="readingOrder {index:5;}" id="r1l16"><Coords points="776,826 761,826 746,826 732,826 717,826 702,826 696,826 651,838 531,833 522,829 511,829 496,827 481,827 472,827 462,829 217,818 207,808 206,808 204,808 203,808 176,811 73,786 72,818 70,835 116,839 156,861 157,861 159,861 197,858 210,868 212,868 213,868 303,874 531,885 533,885 534,885 559,879 624,889 626,889 627,889 648,880 686,892 687,892 689,892 690,892 730,874 795,874 826,883 827,883 829,883 885,874 1153,886 1154,868 1154,836 951,827 950,827 948,827 923,838 905,824 904,824 902,824 861,824 860,824 810,835 780,824 776,826"/><Baseline points="73,820 127,833 181,843 235,851 289,858 343,863 397,867 451,869 505,870 559,871 614,871 668,870 722,869 776,867 830,866 884,865 938,864 992,864 1046,865 1100,866 1155,869"/><TextEquiv><Unicode>fluit ex principiis subiecti. ¶ Dico que argumentum bene concludit que non</Unicode></TextEquiv></TextLine><TextLine custom="readingOrder {index:6;}" id="r1l17"><Coords points="820,867 805,867 802,867 771,876 754,867 746,868 732,868 717,870 711,870 656,880 592,871 584,871 570,871 555,870 542,870 518,874 219,863 197,845 195,845 194,845 192,845 151,849 73,833 72,863 70,880 134,886 190,910 191,910 192,910 194,910 209,904 322,916 533,924 534,924 596,917 653,929 655,929 656,929 690,919 746,924 748,924 749,924 764,917 818,924 820,924 944,919 976,927 978,927 979,927 1157,926 1160,908 1160,879 963,870 961,870 933,876 905,868 904,868 902,868 844,880 823,865 820,867"/><Baseline points="73,864 127,876 181,886 236,894 290,900 345,906 399,909 453,912 508,913 562,913 617,913 671,912 725,911 780,910 834,909 889,907 943,907 997,906 1052,907 1106,908 1161,910"/><TextEquiv><Unicode>oportet definitionem passionis esse medium vera positione secundum ordinem subiicibilium</Unicode></TextEquiv></TextLine><TextLine custom="readingOrder {index:7;}" id="r1l18"><Coords points="842,908 768,920 707,911 692,911 689,911 673,921 505,917 195,901 134,877 132,877 78,876 76,908 75,923 231,957 232,957 268,952 313,961 584,973 586,973 587,973 609,963 668,970 670,970 671,970 699,961 808,961 863,974 864,974 866,974 867,974 869,974 883,961 913,961 1008,973 1010,973 1011,973 1013,973 1026,966 1160,972 1162,955 1162,923 1008,916 1007,916 969,923 958,914 957,914 955,914 844,908 842,908"/><Baseline points="77,909 131,921 185,930 239,938 294,944 348,949 402,952 457,954 511,956 565,956 620,956 674,955 728,955 782,953 837,952 891,952 945,951 1000,951 1054,952 1108,954 1163,956"/><TextEquiv><Unicode>et predicabilium. sed sufficit que mediat in ratione notificantis sic passio no</Unicode></TextEquiv></TextLine><TextLine custom="readingOrder {index:8;}" id="r1l19"><Coords points="762,954 761,954 760,954 758,954 736,964 721,954 717,955 708,955 658,964 631,955 628,955 614,957 603,957 581,964 296,952 73,916 72,948 70,973 151,979 210,1005 212,1005 213,1005 215,1005 268,991 285,1007 287,1007 288,1007 335,1011 667,1025 668,1025 670,1025 707,1005 768,1029 770,1029 771,1029 773,1029 798,1020 886,1020 904,1030 905,1030 907,1030 908,1030 910,1030 911,1030 938,1014 1159,1032 1162,998 1162,967 929,955 927,955 926,955 895,972 851,954 849,954 848,954 774,961 764,954 762,954"/><Baseline points="73,949 127,962 182,972 236,981 291,987 345,993 400,996 454,999 509,1000 563,1001 618,1000 672,1000 727,999 781,998 836,996 890,995 945,995 999,994 1054,995 1108,997 1163,999"/><TextEquiv><Unicode>tiori modo dicatur de subiecto. ter medium notiori modo de subiecto quam pas-</Unicode></TextEquiv></TextLine><TextLine custom="readingOrder {index:9;}" id="r1l20"><Coords points="95,955 82,951 76,977 67,1010 113,1022 114,1022 116,1022 135,1014 142,1029 144,1029 144,1030 145,1030 147,1030 148,1030 185,1029 191,1038 192,1038 192,1039 194,1039 195,1039 197,1039 198,1039 213,1032 244,1039 247,1047 247,1048 248,1048 248,1050 250,1050 251,1050 253,1051 285,1051 291,1030 297,1000 250,985 248,985 247,985 219,991 104,957 95,955"/><Baseline points="77,979 102,992 127,1003 152,1011 177,1017 202,1022 227,1026 252,1028 277,1029 293,1031"/><TextEquiv><Unicode>sio de subiecto.</Unicode></TextEquiv></TextLine><TextEquiv><Unicode>rguitur quarto. Definitio subiecti non debet esse medium in demonstratione potissi-
ma. igitur. probatur et medium in demonstratione potissima vera positione
debet esse medium. sed tale medium est definitio passionis. et non subiecti. igitur. Ma-
iorem aristo. in textu. Minor patet definitio passionis est prior passione ex quo
diffinit passionem et definitio est per priora. et ipsa passio est posterior subiecto et
fluit ex principiis subiecti. ¶ Dico que argumentum bene concludit que non
oportet definitionem passionis esse medium vera positione secundum ordinem subiicibilium
et predicabilium. sed sufficit que mediat in ratione notificantis sic passio no
tiori modo dicatur de subiecto. ter medium notiori modo de subiecto quam pas-
sio de subiecto.</Unicode></TextEquiv></TextRegion><TextRegion custom="readingOrder {index:5;} structure {type:[drop-capital];}" id="region_1652102020879_574"><Coords points="37,983 142,983 142,1057 37,1057"/><TextLine custom="readingOrder {index:0;}" id="line_1652102031263_580"><Coords points="59,1001 129,1001 129,1051 59,1051"/><TextEquiv><Unicode>A</Unicode></TextEquiv></TextLine><TextEquiv><Unicode>A</Unicode></TextEquiv></TextRegion><TextRegion custom="readingOrder {index:6;} structure {type:paragraph;}" id="TextRegion_1652100021455_481" orientation="0.0" type="paragraph"><Coords points="67,1031 1171,1031 1171,1395 67,1395"/><TextLine custom="readingOrder {index:0;}" id="r1l21"><Coords points="281,1029 266,1029 251,1029 237,1026 232,1025 122,1022 94,1008 91,1041 89,1057 128,1058 166,1082 167,1082 169,1082 556,1098 558,1100 746,1100 746,1098 748,1098 768,1089 986,1104 988,1104 989,1104 1008,1097 1159,1103 1160,1085 1160,1060 1141,1042 1141,1041 1140,1041 1138,1041 1137,1041 1135,1041 1113,1048 1076,1035 1075,1035 1073,1035 1029,1039 1028,1039 1026,1039 1010,1053 960,1041 958,1041 957,1041 935,1048 899,1023 898,1023 897,1023 742,1017 740,1017 739,1017 721,1027 704,1016 702,1016 701,1016 618,1013 617,1013 559,1017 558,1017 531,1030 509,1011 508,1011 506,1011 468,1008 466,1008 465,1008 424,1027 366,1030 281,1026 281,1029"/><Baseline points="92,1042 145,1054 198,1062 252,1070 305,1076 359,1080 412,1083 466,1086 519,1087 573,1087 626,1087 679,1086 733,1085 786,1084 840,1083 893,1082 947,1082 1000,1082 1054,1082 1107,1084 1161,1086"/><TextEquiv><Unicode>rguitur quinto. Definitio subiecti non est medium in demonstratione potissima.</Unicode></TextEquiv></TextLine><TextLine custom="readingOrder {index:1;}" id="r1l22"><Coords points="760,1085 757,1085 730,1098 693,1088 692,1088 690,1088 689,1088 687,1088 673,1098 612,1086 612,1088 598,1088 584,1088 565,1094 307,1083 240,1070 238,1070 172,1072 134,1051 132,1051 72,1048 70,1079 69,1097 209,1128 210,1128 212,1128 223,1122 574,1142 575,1142 648,1135 659,1142 661,1142 662,1142 664,1142 665,1142 684,1134 705,1147 707,1147 708,1147 709,1147 711,1147 736,1134 770,1147 771,1147 773,1147 824,1135 1148,1147 1150,1128 1150,1098 998,1091 997,1091 995,1091 975,1100 916,1086 914,1086 780,1092 767,1085 760,1085"/><Baseline points="71,1081 125,1094 179,1104 233,1112 287,1119 341,1123 395,1127 449,1129 503,1130 557,1131 611,1131 665,1130 719,1129 773,1128 827,1126 881,1125 935,1125 989,1125 1043,1125 1097,1127 1151,1129"/><TextEquiv><Unicode>Probatur medium in demonstratione potissima debet esse immediata causa passionis</Unicode></TextEquiv></TextLine><TextLine custom="readingOrder {index:2;}" id="r1l23"><Coords points="854,1125 839,1125 824,1126 810,1126 795,1126 793,1126 771,1136 764,1129 762,1129 761,1129 760,1129 758,1129 723,1138 656,1131 648,1131 633,1131 618,1131 603,1131 589,1131 574,1131 561,1131 540,1134 399,1128 397,1128 396,1126 293,1123 262,1114 251,1114 237,1113 234,1111 187,1117 79,1089 76,1123 75,1139 244,1170 544,1184 546,1184 547,1184 570,1176 600,1185 602,1185 603,1185 818,1175 1156,1190 1157,1172 1157,1138 963,1129 961,1129 960,1129 930,1139 866,1125 854,1125"/><Baseline points="77,1125 131,1137 185,1147 239,1155 293,1162 347,1167 401,1170 455,1172 509,1173 563,1174 618,1173 672,1173 726,1171 780,1170 834,1169 888,1168 942,1167 996,1167 1050,1168 1104,1170 1159,1173"/><TextEquiv><Unicode>que demonstratur de subiecto. sed definitio subiecti non est immediata causa. igitur</Unicode></TextEquiv></TextLine><TextLine custom="readingOrder {index:3;}" id="r1l24"><Coords points="867,1169 866,1169 851,1169 836,1169 824,1169 758,1181 730,1170 720,1170 681,1179 499,1178 272,1167 253,1157 251,1157 250,1157 248,1157 232,1163 216,1151 215,1151 213,1151 212,1151 166,1154 142,1138 132,1138 129,1136 75,1135 73,1167 72,1185 116,1187 207,1217 209,1217 210,1217 212,1217 240,1210 251,1220 253,1220 254,1220 465,1229 466,1229 515,1223 527,1232 528,1232 530,1232 531,1232 587,1225 623,1235 624,1235 626,1235 701,1223 748,1232 749,1232 751,1232 752,1232 768,1220 823,1219 910,1241 911,1241 913,1241 914,1241 916,1241 941,1223 1150,1234 1154,1213 1153,1181 932,1172 930,1172 929,1172 916,1179 905,1170 904,1170 902,1170 901,1170 899,1170 898,1170 880,1181 869,1170 869,1169 867,1169"/><Baseline points="75,1168 129,1181 183,1190 237,1199 291,1205 345,1210 399,1214 453,1216 507,1217 561,1217 615,1216 669,1215 723,1214 777,1212 831,1211 885,1210 939,1209 993,1209 1047,1210 1101,1212 1155,1215"/><TextEquiv><Unicode>probatur. et definitio passionis est immediata et propria causa ipsius passionis Plus enim</Unicode></TextEquiv></TextLine><TextLine custom="readingOrder {index:4;}" id="r1l25"><Coords points="768,1212 767,1212 746,1222 718,1213 709,1215 695,1215 689,1215 608,1226 595,1216 592,1216 580,1216 574,1220 568,1216 562,1216 550,1216 539,1223 527,1217 518,1217 503,1216 500,1216 478,1220 281,1212 273,1204 273,1203 268,1203 253,1209 244,1200 238,1200 232,1198 220,1207 192,1206 131,1181 123,1179 108,1176 101,1175 81,1173 79,1207 78,1225 210,1254 415,1266 570,1272 571,1272 651,1265 701,1275 702,1275 798,1266 816,1275 817,1275 818,1275 820,1275 852,1265 1151,1278 1154,1260 1154,1226 932,1216 930,1216 929,1216 927,1216 911,1228 857,1219 855,1219 810,1226 779,1212 768,1212"/><Baseline points="81,1209 134,1222 188,1233 242,1242 295,1248 349,1254 403,1258 456,1260 510,1261 564,1261 618,1261 671,1260 725,1259 779,1258 832,1257 886,1256 940,1255 993,1255 1047,1256 1101,1258 1155,1261"/><TextEquiv><Unicode>immediate se habet definitio propria alicuius ad diffinitum quam definitio aliena. ¶ Dico</Unicode></TextEquiv></TextLine><TextLine custom="readingOrder {index:5;}" id="r1l26"><Coords points="749,1259 655,1269 634,1260 634,1260 620,1260 605,1262 590,1262 575,1262 561,1262 546,1262 531,1262 517,1262 509,1260 475,1262 418,1259 413,1259 408,1257 390,1257 384,1257 377,1256 192,1247 128,1222 126,1222 79,1219 78,1251 76,1269 110,1271 172,1297 173,1297 175,1297 176,1297 195,1290 232,1303 234,1303 235,1303 293,1298 322,1307 324,1307 531,1318 533,1318 653,1312 715,1319 717,1319 757,1312 785,1321 786,1321 788,1321 789,1321 820,1310 869,1318 870,1318 871,1318 891,1310 953,1324 954,1324 955,1324 957,1324 972,1315 1157,1322 1160,1304 1160,1272 922,1260 920,1260 866,1269 845,1259 844,1259 842,1259 841,1259 823,1266 751,1259 749,1259"/><Baseline points="79,1252 133,1265 187,1276 241,1285 295,1292 349,1297 403,1301 457,1304 511,1305 565,1306 620,1305 674,1305 728,1304 782,1302 836,1301 890,1300 944,1300 998,1300 1052,1300 1106,1302 1161,1305"/><TextEquiv><Unicode>verum argumentum concludit que definitio passionis est propria et immediata causa</Unicode></TextEquiv></TextLine><TextLine custom="readingOrder {index:6;}" id="r1l27"><Coords points="860,1300 858,1300 779,1310 751,1303 745,1303 730,1303 715,1304 707,1304 676,1309 668,1306 656,1306 642,1306 627,1306 621,1306 598,1310 592,1306 583,1306 568,1306 562,1306 542,1309 313,1298 306,1293 303,1293 288,1291 285,1290 279,1296 226,1294 216,1284 216,1282 215,1282 213,1282 212,1282 175,1285 125,1265 123,1265 73,1260 70,1293 69,1310 187,1331 195,1340 195,1341 197,1341 198,1341 484,1357 612,1359 614,1359 615,1359 617,1359 627,1352 699,1362 701,1362 824,1353 869,1368 870,1368 871,1368 873,1368 920,1356 973,1356 985,1366 986,1366 988,1366 989,1366 991,1366 1007,1359 1151,1365 1154,1347 1154,1316 967,1306 966,1306 964,1306 963,1306 947,1318 923,1304 922,1304 920,1304 892,1310 861,1300 860,1300"/><Baseline points="71,1294 125,1308 179,1318 233,1328 287,1334 342,1340 396,1344 450,1347 504,1348 558,1349 613,1349 667,1348 721,1347 775,1346 829,1345 884,1344 938,1343 992,1343 1046,1344 1100,1346 1155,1349"/><TextEquiv><Unicode>passionis non tamen est simpliciter prima. sed definitio subiecti est propria et prima si enim</Unicode></TextEquiv></TextLine><TextLine custom="readingOrder {index:7;}" id="r1l28"><Coords points="655,1349 648,1349 636,1354 618,1349 611,1349 596,1349 584,1349 528,1356 517,1349 508,1349 496,1347 458,1353 240,1338 72,1303 69,1332 66,1353 169,1369 182,1382 182,1384 184,1384 185,1384 187,1384 188,1384 210,1377 253,1390 254,1390 452,1396 514,1409 515,1409 617,1394 687,1407 689,1407 690,1407 692,1407 707,1399 851,1407 855,1390 855,1369 836,1359 835,1359 736,1352 735,1352 680,1359 664,1347 655,1349"/><Baseline points="70,1334 109,1346 148,1355 188,1364 227,1371 266,1376 306,1381 345,1385 384,1387 424,1389 463,1390 502,1390 542,1390 581,1390 620,1390 660,1389 699,1389 738,1389 778,1389 817,1390 857,1391"/><TextEquiv><Unicode>passio dependet a subiecto tunc etiam definitio passionis.</Unicode></TextEquiv></TextLine><TextEquiv><Unicode>rguitur quinto. Definitio subiecti non est medium in demonstratione potissima.
Probatur medium in demonstratione potissima debet esse immediata causa passionis
que demonstratur de subiecto. sed definitio subiecti non est immediata causa. igitur
probatur. et definitio passionis est immediata et propria causa ipsius passionis Plus enim
immediate se habet definitio propria alicuius ad diffinitum quam definitio aliena. ¶ Dico
verum argumentum concludit que definitio passionis est propria et immediata causa
passionis non tamen est simpliciter prima. sed definitio subiecti est propria et prima si enim
passio dependet a subiecto tunc etiam definitio passionis.</Unicode></TextEquiv></TextRegion><TextRegion custom="readingOrder {index:7;} structure {type:[drop-capital];}" id="region_1652101990720_562"><Coords points="45,1367 135,1367 135,1443 45,1443"/><TextLine custom="readingOrder {index:0;}" id="line_1652102005672_568"><Coords points="59,1374 117,1374 117,1427 59,1427"/><TextEquiv><Unicode>A</Unicode></TextEquiv></TextLine><TextEquiv><Unicode>A</Unicode></TextEquiv></TextRegion><TextRegion custom="readingOrder {index:8;} structure {type:paragraph;}" id="TextRegion_1652100025354_486" orientation="0.0" type="paragraph"><Coords points="67,1395 1171,1395 1171,1831 67,1831"/><TextLine custom="readingOrder {index:0;}" id="r1l29"><Coords points="78,1382 73,1397 117,1413 126,1394 134,1356 86,1338 78,1382"/><Baseline points="79,1383 128,1395"/><TextEquiv><Unicode>rguit sexto Definitio subiecti non est medium conveniens in demonstratione</Unicode></TextEquiv></TextLine><TextLine custom="readingOrder {index:1;}" id="r1l30"><Coords points="76,1450 129,1452 148,1465 150,1465 151,1465 153,1465 154,1465 164,1459 181,1474 182,1474 184,1474 185,1474 217,1468 251,1478 253,1478 574,1491 575,1491 577,1491 602,1483 673,1497 674,1497 676,1497 677,1497 693,1487 740,1491 742,1491 743,1491 770,1483 823,1486 845,1505 846,1505 848,1505 849,1505 851,1505 898,1488 1157,1497 1160,1477 1159,1447 871,1435 870,1435 869,1435 835,1446 789,1433 788,1433 786,1433 751,1440 736,1431 735,1431 733,1431 732,1431 683,1441 575,1433 574,1433 514,1437 256,1427 191,1409 190,1409 188,1409 187,1409 167,1418 153,1406 151,1406 150,1406 81,1399 79,1428 76,1450"/><Baseline points="81,1429 135,1441 189,1451 243,1459 297,1466 351,1471 405,1475 459,1478 513,1479 567,1480 621,1480 675,1479 729,1478 783,1477 837,1476 891,1475 945,1474 999,1474 1053,1474 1107,1476 1161,1478"/><TextEquiv><Unicode>potissima. igitur. probatur medium in demonstratione potissima debet dicere</Unicode></TextEquiv></TextLine><TextLine custom="readingOrder {index:2;}" id="r1l31"><Coords points="801,1477 790,1477 748,1486 736,1478 735,1478 733,1478 732,1478 730,1478 704,1490 639,1480 639,1480 624,1480 609,1480 595,1480 580,1480 577,1480 574,1481 570,1480 565,1480 550,1480 536,1480 521,1480 506,1478 491,1478 477,1478 462,1478 456,1477 446,1478 248,1469 220,1458 219,1458 217,1458 185,1463 125,1440 123,1440 69,1437 67,1466 66,1486 123,1491 156,1508 157,1508 159,1508 213,1508 226,1518 226,1519 228,1519 229,1519 318,1524 574,1527 606,1537 608,1537 609,1537 696,1530 707,1539 707,1540 708,1540 709,1540 711,1540 712,1540 732,1530 830,1533 832,1533 833,1533 835,1533 845,1525 861,1540 863,1540 864,1540 866,1540 867,1540 897,1528 1160,1540 1163,1519 1163,1490 967,1481 966,1481 964,1481 947,1488 916,1478 914,1478 913,1478 911,1478 910,1478 898,1487 879,1480 877,1480 876,1480 874,1480 848,1493 814,1477 801,1477"/><Baseline points="69,1468 123,1481 178,1492 233,1501 288,1509 343,1514 397,1518 452,1521 507,1522 562,1523 617,1522 671,1522 726,1521 781,1519 836,1518 891,1517 945,1516 1000,1516 1055,1516 1110,1518 1165,1521"/><TextEquiv><Unicode>quid et propter quid. sed talis definitio est definitio completa passionis que datur per princi</Unicode></TextEquiv></TextLine><TextLine custom="readingOrder {index:3;}" id="r1l32"><Coords points="739,1519 737,1519 714,1531 693,1521 689,1521 677,1521 655,1530 636,1522 630,1522 618,1522 611,1528 584,1522 571,1522 556,1522 550,1522 531,1525 220,1512 131,1484 129,1484 75,1481 73,1512 72,1530 170,1544 209,1561 210,1561 527,1575 528,1575 717,1569 783,1578 785,1578 863,1569 1160,1581 1163,1562 1163,1531 945,1521 944,1521 942,1521 917,1528 907,1519 905,1519 904,1519 902,1519 901,1519 866,1528 857,1521 855,1521 854,1521 852,1521 795,1527 740,1519 739,1519"/><Baseline points="75,1513 129,1526 184,1537 238,1545 293,1552 347,1558 402,1561 456,1564 511,1565 565,1566 620,1566 674,1565 729,1564 783,1562 838,1561 892,1560 947,1559 1001,1559 1056,1560 1110,1561 1165,1564"/><TextEquiv><Unicode>pia subiecti et etiam passionis. igitur sola definitio subiecti non est medium suffi</Unicode></TextEquiv></TextLine><TextLine custom="readingOrder {index:4;}" id="r1l33"><Coords points="730,1562 715,1564 701,1564 686,1564 671,1565 662,1565 624,1572 615,1565 612,1567 598,1567 583,1567 581,1567 564,1569 537,1565 524,1565 509,1565 494,1564 480,1564 465,1564 450,1562 435,1562 421,1561 408,1561 393,1559 378,1559 338,1559 228,1553 188,1537 187,1537 185,1537 147,1541 131,1528 129,1528 128,1528 76,1519 72,1550 70,1571 225,1605 590,1624 592,1624 655,1615 712,1625 714,1625 926,1617 1151,1628 1154,1606 1154,1577 1041,1571 1039,1571 1038,1571 1036,1571 1028,1578 1016,1568 1014,1568 1013,1568 929,1564 927,1564 882,1574 851,1564 849,1564 848,1564 846,1564 801,1575 785,1565 783,1565 782,1565 739,1562 730,1562"/><Baseline points="73,1551 127,1566 181,1578 235,1588 289,1596 343,1602 397,1606 451,1609 505,1610 559,1611 614,1611 668,1610 722,1608 776,1607 830,1605 884,1604 938,1603 992,1603 1046,1603 1100,1604 1155,1607"/><TextEquiv><Unicode>ciens. Maior est aristo. in textu. Minor est nota talis enim definitio completa</Unicode></TextEquiv></TextLine><TextLine custom="readingOrder {index:5;}" id="r1l34"><Coords points="674,1609 659,1611 645,1611 631,1611 614,1617 568,1611 556,1611 542,1611 527,1611 519,1611 511,1614 232,1600 117,1565 116,1565 76,1564 73,1595 72,1614 97,1615 111,1628 113,1628 114,1628 116,1628 117,1628 138,1623 169,1637 170,1637 310,1652 595,1659 618,1668 620,1668 621,1668 919,1659 1153,1671 1156,1650 1156,1620 866,1606 864,1606 863,1606 861,1606 852,1615 740,1621 684,1609 674,1609"/><Baseline points="75,1596 129,1610 183,1621 237,1631 291,1638 345,1643 399,1648 453,1651 507,1652 561,1653 616,1653 670,1652 724,1651 778,1650 832,1649 886,1647 940,1647 994,1646 1048,1647 1102,1648 1157,1651"/><TextEquiv><Unicode>dicit quid subiecti et propter quid passionis. ¶ Hoc argumentum soluit Paulus</Unicode></TextEquiv></TextLine><TextLine custom="readingOrder {index:6;}" id="r1l35"><Coords points="659,1652 658,1652 627,1661 609,1652 605,1653 590,1653 584,1653 577,1659 547,1659 229,1640 213,1628 212,1628 210,1628 159,1628 134,1612 132,1612 131,1612 81,1611 78,1639 75,1664 138,1667 210,1693 212,1693 213,1693 215,1693 235,1686 282,1698 284,1698 505,1709 506,1711 598,1711 598,1709 599,1709 600,1709 609,1702 640,1714 642,1714 643,1714 645,1714 704,1699 780,1715 782,1715 945,1709 954,1717 955,1717 957,1717 958,1718 1162,1718 1163,1692 1162,1664 922,1653 920,1653 919,1653 889,1662 848,1652 846,1652 845,1652 844,1652 842,1652 829,1661 767,1652 765,1652 764,1652 733,1664 661,1652 659,1652"/><Baseline points="79,1640 133,1654 187,1665 241,1675 296,1682 350,1688 404,1693 459,1695 513,1697 567,1698 622,1698 676,1697 730,1696 784,1695 839,1693 893,1692 947,1691 1002,1690 1056,1690 1110,1691 1165,1693"/><TextEquiv><Unicode>de venetiis et dicit verum arguit que medium potissimum debet dicere quid sub-</Unicode></TextEquiv></TextLine><TextLine custom="readingOrder {index:7;}" id="r1l36"><Coords points="704,1696 693,1696 680,1705 662,1696 659,1698 646,1698 637,1705 623,1698 615,1698 600,1698 589,1698 577,1704 550,1698 542,1698 527,1698 525,1698 518,1701 288,1690 179,1678 163,1664 163,1662 162,1662 160,1662 159,1662 157,1662 138,1668 128,1659 126,1659 125,1659 75,1656 73,1683 72,1702 134,1709 187,1733 188,1733 190,1733 250,1729 259,1736 259,1737 260,1737 262,1737 344,1742 633,1752 634,1754 816,1754 816,1752 817,1752 818,1752 829,1745 1151,1758 1154,1737 1154,1712 979,1702 978,1702 976,1702 945,1711 922,1701 920,1701 919,1701 917,1701 892,1708 817,1698 816,1698 814,1698 783,1705 718,1704 708,1696 704,1696"/><Baseline points="75,1684 129,1698 183,1709 237,1719 291,1726 345,1732 399,1736 453,1739 507,1740 561,1741 615,1741 669,1740 723,1739 777,1737 831,1736 885,1735 939,1734 993,1734 1047,1735 1101,1736 1155,1739"/><TextEquiv><Unicode>iecti et propter quid passionis. et tale est definitio subiecti et non aggregatum</Unicode></TextEquiv></TextLine><TextLine custom="readingOrder {index:8;}" id="r1l37"><Coords points="679,1739 664,1740 661,1740 627,1748 599,1742 590,1742 575,1742 561,1742 549,1740 540,1743 238,1729 222,1717 222,1717 215,1715 215,1715 194,1726 141,1704 139,1704 79,1698 78,1726 76,1749 114,1761 116,1761 117,1761 119,1761 134,1755 188,1777 190,1777 191,1777 192,1777 194,1777 200,1771 210,1779 212,1779 213,1779 494,1796 496,1796 603,1790 628,1802 630,1802 631,1802 712,1789 790,1802 792,1802 793,1802 820,1792 874,1802 876,1802 877,1802 899,1792 954,1793 958,1801 960,1801 960,1802 961,1802 963,1802 964,1802 1103,1802 1135,1814 1137,1814 1138,1814 1140,1814 1160,1804 1163,1780 1163,1752 972,1742 970,1742 969,1742 950,1749 917,1739 916,1739 914,1739 838,1749 824,1740 823,1740 821,1740 820,1740 818,1740 817,1740 805,1749 793,1740 792,1740 790,1740 789,1740 701,1745 692,1739 679,1739"/><Baseline points="79,1727 133,1741 187,1753 241,1762 296,1770 350,1775 404,1779 459,1782 513,1784 567,1785 622,1785 676,1784 730,1783 784,1782 839,1781 893,1780 947,1779 1002,1778 1056,1779 1110,1780 1165,1782"/><TextEquiv><Unicode>ex principiis subiecti et principiis passionis. et non esset principium sim</Unicode></TextEquiv></TextLine><TextLine custom="readingOrder {index:9;}" id="r1l39"><Coords points="709,1783 702,1783 690,1793 668,1786 667,1786 665,1786 664,1786 631,1795 615,1785 606,1785 592,1785 577,1785 571,1785 533,1792 522,1785 518,1785 511,1783 481,1789 316,1780 312,1773 310,1773 310,1771 309,1771 307,1771 306,1771 304,1771 287,1777 276,1768 275,1768 273,1768 272,1768 234,1773 203,1759 201,1759 200,1759 160,1759 136,1743 135,1743 134,1743 132,1743 131,1743 129,1743 116,1752 83,1740 79,1770 78,1789 108,1790 125,1808 125,1810 126,1810 128,1810 129,1810 131,1810 147,1802 157,1812 157,1814 159,1814 160,1814 162,1814 163,1814 184,1808 244,1821 528,1839 530,1839 696,1832 727,1846 729,1846 730,1846 732,1846 733,1846 748,1835 1020,1845 1023,1826 1022,1802 824,1785 823,1785 821,1785 801,1790 776,1783 774,1783 773,1783 771,1783 770,1783 745,1801 712,1783 709,1783"/><Baseline points="80,1771 127,1784 174,1795 221,1803 269,1811 316,1816 363,1821 410,1823 458,1826 505,1827 552,1827 599,1827 647,1827 694,1826 741,1826 788,1825 836,1824 883,1824 930,1824 977,1825 1025,1827"/><TextEquiv><Unicode>pliciter. quicquid enim se tenet ex parte passionis habet causam in subiecto.</Unicode></TextEquiv></TextLine><TextEquiv><Unicode>rguit sexto Definitio subiecti non est medium conveniens in demonstratione
potissima. igitur. probatur medium in demonstratione potissima debet dicere
quid et propter quid. sed talis definitio est definitio completa passionis que datur per princi
pia subiecti et etiam passionis. igitur sola definitio subiecti non est medium suffi
ciens. Maior est aristo. in textu. Minor est nota talis enim definitio completa
dicit quid subiecti et propter quid passionis. ¶ Hoc argumentum soluit Paulus
de venetiis et dicit verum arguit que medium potissimum debet dicere quid sub-
iecti et propter quid passionis. et tale est definitio subiecti et non aggregatum
ex principiis subiecti et principiis passionis. et non esset principium sim
pliciter. quicquid enim se tenet ex parte passionis habet causam in subiecto.</Unicode></TextEquiv></TextRegion><TextRegion custom="readingOrder {index:9;} structure {type:[drop-capital];}" id="region_1652101973888_553"><Coords points="48,1799 146,1799 146,1863 48,1863"/><TextLine custom="readingOrder {index:0;}" id="line_1652101979936_557"><Coords points="57,1807 132,1807 132,1851 57,1851"/><TextEquiv><Unicode>A</Unicode></TextEquiv></TextLine><TextEquiv><Unicode>A</Unicode></TextEquiv></TextRegion><TextRegion custom="readingOrder {index:10;} structure {type:paragraph;}" id="TextRegion_1652100029519_491" orientation="0.0" type="paragraph"><Coords points="67,1831 1171,1831 1171,1966 67,1966"/><TextLine custom="readingOrder {index:0;}" id="r1l40"><Coords points="764,1826 762,1826 735,1836 665,1826 664,1826 662,1826 645,1835 634,1826 631,1827 626,1827 614,1833 424,1829 304,1824 293,1814 293,1814 278,1811 263,1810 250,1808 247,1807 134,1798 132,1833 131,1849 162,1858 163,1858 164,1858 203,1854 273,1876 275,1876 521,1885 522,1885 603,1879 614,1888 615,1888 617,1888 618,1888 687,1877 720,1879 733,1891 733,1892 735,1892 736,1892 737,1892 739,1892 770,1877 835,1877 869,1893 870,1893 871,1893 873,1893 910,1879 1166,1885 1169,1868 1168,1833 1064,1830 1063,1830 1062,1830 1047,1838 1017,1829 1016,1829 1014,1829 1013,1829 998,1836 980,1827 979,1827 978,1827 976,1827 975,1827 964,1836 922,1827 920,1827 919,1827 917,1827 901,1838 863,1826 861,1826 860,1826 858,1826 833,1835 765,1826 764,1826"/><Baseline points="133,1834 184,1843 236,1851 288,1857 340,1862 392,1866 444,1869 496,1870 548,1872 600,1872 652,1872 703,1871 755,1870 807,1869 859,1868 911,1867 963,1867 1015,1866 1067,1867 1119,1868 1171,1869"/><TextEquiv><Unicode>rguitur septimo. Passio non potest demonstrari de subiecto per diffi</Unicode></TextEquiv></TextLine><TextLine custom="readingOrder {index:1;}" id="r1l41"><Coords points="774,1870 767,1870 748,1883 692,1883 668,1871 656,1871 642,1873 627,1873 612,1873 547,1879 496,1870 494,1870 480,1870 478,1870 459,1874 240,1863 207,1845 201,1845 148,1846 103,1830 101,1830 100,1830 98,1830 70,1838 70,1858 69,1877 260,1913 343,1917 637,1923 670,1933 671,1933 673,1933 674,1933 676,1933 690,1924 764,1929 765,1929 767,1929 811,1917 824,1927 826,1927 827,1927 1154,1933 1157,1913 1156,1885 914,1871 913,1871 842,1885 827,1876 826,1876 824,1876 823,1876 821,1876 820,1876 807,1888 779,1870 774,1870"/><Baseline points="72,1860 126,1873 180,1884 235,1893 289,1900 343,1906 398,1910 452,1913 506,1915 561,1916 615,1916 669,1916 724,1915 778,1914 832,1913 887,1912 941,1911 995,1911 1050,1911 1104,1912 1159,1914"/><TextEquiv><Unicode>nitionem passionis. igitur. probatur demonstratione debet esse</Unicode></TextEquiv></TextLine><TextLine custom="readingOrder {index:2;}" id="r1l42"><Coords points="720,1916 712,1916 653,1926 611,1916 602,1916 587,1916 586,1916 570,1921 278,1907 238,1893 234,1893 220,1891 216,1889 198,1898 154,1879 147,1877 144,1876 78,1870 75,1899 72,1949 86,1951 123,1982 125,1982 126,1982 190,1992 191,1992 192,1992 231,1979 301,2014 303,2014 431,2023 433,2023 530,2010 574,2026 575,2026 577,2026 578,2026 642,1994 676,1998 677,1998 679,1998 698,1991 758,2030 760,2030 761,2030 762,2030 820,2020 857,2039 858,2039 860,2039 861,2039 894,2025 916,2030 917,2030 919,2030 920,2030 986,1994 1153,2001 1157,1958 1157,1929 972,1919 970,1919 877,1926 866,1917 864,1917 863,1917 861,1917 813,1923 795,1916 793,1916 792,1916 790,1916 760,1927 726,1914 720,1916"/><Baseline points="76,1901 130,1915 184,1926 238,1936 292,1944 346,1950 400,1955 455,1958 509,1960 563,1961 617,1961 671,1961 725,1960 779,1959 834,1958 888,1957 942,1956 996,1956 1050,1956 1104,1957 1159,1959"/><TextEquiv><Unicode>petitio principii. sed si passio demonstraretur de subiecto per diffinitionem</Unicode></TextEquiv></TextLine><TextEquiv><Unicode>rguitur septimo. Passio non potest demonstrari de subiecto per diffi
nitionem passionis. igitur. probatur demonstratione debet esse
petitio principii. sed si passio demonstraretur de subiecto per diffinitionem</Unicode></TextEquiv></TextRegion><TextRegion custom="readingOrder {index:11;} structure {type:catch-word;}" id="TextRegion_1652100029519_490" orientation="0.0" type="catch-word"><Coords points="67,1966 1171,1966 1171,2015 67,2015"/><TextLine custom="readingOrder {index:0;}" id="r1l43"><Coords points="1057,1957 1042,1957 1028,1957 1013,1957 998,1964 998,2002 997,2033 1120,2029 1131,2038 1131,2039 1132,2039 1134,2039 1135,2039 1168,2036 1169,2002 1165,1961 1089,1966 1072,1957 1057,1957"/><Baseline points="999,2004 1027,2003 1056,2003 1085,2004 1113,2004 1142,2005 1171,2004"/><TextEquiv><Unicode>GGg iii</Unicode></TextEquiv></TextLine><TextEquiv><Unicode>GGg iii</Unicode></TextEquiv></TextRegion></Page></PcGts>