1746 2613
Liber Secundus
570 211 1673 317 nota et nostra doctrina est ex facilioribus. Minor et facilius est diffinire
573 259 1664 365 singulare quam universale propter hoc et in universalibus latent multe equivocationes. Unde et
576 300 1673 406 dicitur. vii. phisicorum In genere latent multe equivocationes et primo phisicorum dicitur universale
578 348 1669 451 est quoddam totum multa comprehendens ¶ Sequitur correlarie que aristo. hic
573 386 1674 495 per singulare non intelligit singulare individuum et tale non est scibile nec
576 431 1671 540 diffinibile. sed per singulare intelligit minus cognitione respectu magis cognitionis.
581 473 1673 583 et sic species est singulare respectu generis. Tertio arguit aristo. sic Illa in
573 521 1664 627 vestigatio est bona et conveniens que certiori modo procedit. sed ista est homini
578 566 1661 666 igitur. Maior est nota et et propter mathematica est potissima scientiarum
581 608 1671 709 ut dictum est in primo huius et certiori modo procedit. Minor patet et sicut
576 651 1671 754 in demonstrationibus oportet aliquid fieri notum per sensum. Principia enim re
578 695 1669 796 ducuntur ad sensum via experientie et memorie Ita in diffinitionibus opor
576 737 1674 840 tet aliquid fieri notum per sensum. sensus est fundamentum omnis scientie et cognitio-
572 825 1160 885 nis. Istis notabilibus sic stantibus est
537 869 719 1000 Ista Conclusio responsalis Di
572 924 1647 1023 visio generis per doctrinas est utilis ad investigandum ipsum que quid est non tamen ad
572 962 1667 1069 demonstrandum ipsum. probatur prima pars conclusionis Ad definitonem alicuius rei habendam
572 1004 1669 1113 requiritur proprium genus et doctrina proxima cum diffinito convertibilis. sed ista duo
578 1048 1664 1158 accipiuntur et inquiruntur via divisionis. ergo divisio generis in species est utilis
578 1088 1669 1200 ad difinitonem inquirendam. Sed secunda pars conclusionis probata est ante. Definitio enim non
576 1130 1673 1246 est demonstrabilis de suo diffinito via divisionis. licet per viam divisionis in-
572 1231 1327 1277 quiruntur membra et particulare in definitione ponende.
568 1302 672 1349 A
575 1245 1567 1331 rguitur primo. Que quid non patet cognosci de aliquo. igitur via divisiva
585 1268 1669 1374 non est utilis ad hoc. Antedens probatur si quid cognosceretur de aliquo
570 1307 1671 1418 sequeretur que cognoscendo alicuius rei quod quid est. cognosceremus omnia alia en-
581 1348 1673 1463 tia distincta et doctrina ab illo Modo hoc est impossibile probatur sequela et si de
572 1392 1671 1506 bemus aliquid perfecte cognoscere oportet nos scire quid sit illa res. est similiter
576 1434 1679 1553 oportet cognoscere quando qualibet res differat ab alia. et per consequens cognita
573 1477 1676 1596 aliqua re cognoscerentur omnia alia ab illa re distincta. ¶ Dico verum argu
581 1525 1667 1638 mentum concludit que cognita quod quid est alicuius. non oportet noscere omnia
581 1566 1673 1683 doctrina ab eo in speciali. sed sufficit in generali. ut cum cognosco hominem cogno-
573 1663 1143 1718 sco in generali omnia doctrina ab homine.
558 1726 683 1789 A
588 1676 1561 1775 rguitur secundo. Divisio non est utilis ad investigandum quod quid est. igitur probatur
578 1692 1677 1818 petitio prinicipii non est utilis ad modum scientificum. sed ad ipsum quod quid est
578 1737 1677 1859 investigandum requiritur modus scientificus. igitur maior quia petitio
572 1781 1673 1906 principii impedit scientiam quia nihil probat que tamen probatio requiritur
573 1821 1673 1949 ad scientiam. Minor patet ex dictis. ¶ Dico verum argumentum concludit que divi
582 1869 1676 2027 sio non est utilis ad quod quid est investigandum simpliciter. que ipsum de-
