2916 3742
591 256 2522 409 Johanne archiepiscopo et primate Gneznensis Gneznensi Sbigneo miseracione divina tituli sancte Prisce te presbitero car
660 382 2525 439 dinale cardinali et episcopo Cracoviensi Gregorio Leopoliensi archiepiscopo Johanne Wlaislaviensi Wladislaviensi Andrea
650 450 2492 499 Poznaniensi Nicolao Premislensi Episcopis necnon magnificis dominis Johanne de Czi
645 514 2538 560 szow castellani castellano et capitanei capitaneo et Johanne de Thanczin pallatini pallatino Cracoviensis Cracoviensi Luca de Gor
605 571 2444 625 ka pallatini pallatino Poznaniensi et capitanei Maioris Polonie generali Johanne de Oleschnÿcza Oleschnycza
599 638 2564 697 Sandomiriensi Stanislao de Ostrorog Calischiensi pallatinis et alÿs aliis quampluribus
557 690 2492 787 etc. Datum per manus magnicorum magnificorum Johannes Johannis de Conyeczpole Cancellarii Petri
629 767 2124 826 de Sczekoczini vicecancellari vicecancellarii Regni regni Polonie sincere nobis dilectorum
1606 804 2502 940 Relacio eiusdem ejusdem magnifici Johannis de Co
1596 893 2394 1036 nyeczpole Regni regni Polonie cancellarÿ cancellarii
