2916 3742
430 1001 1541 1148 Ius Jus theutunicum Theutunicum Petro Clączinsky datum
626 1092 1784 1176 Nyewodna Dobrzechowka magnus dux Lithwanie
256 1112 2356 1284 In nomine Domini amen Ad perpettuam rei memoriam Ex quo omnes actus mundi
436 1212 2400 1340 subito avida deglutiret oblivio nisi literalis scripture solidatus solidatas eos perpettue commenda
396 1302 2406 1377 ret memorie Proinde nos Kazimirus Dei gracia rex Polonie necnon terrarum Cracovie
411 1361 2369 1440 Sandomirie Siradie Lancicie Cuÿawie Cuyawie Pomeranie Russieque dominus et heres
374 1429 2423 1509 significamus presencium tenore universis presentibus et futuris quibus expedit horum
392 1487 2438 1578 noticiam habituris quod quomodo pro parte nobilium Johannis Petri Stanislai et Andree
359 1553 2456 1646 de Dobrzechowka germanorum ..erō.. vestro maiestati majestati nostre oblata continebat quatinus villas
405 1619 2429 1704 ipsorum Nÿewodna Nyewodna et Dobrzechowka in terra Sandomiriensi et districtu Pilsznensi
382 1686 2436 1823 sitas de iure jure polonico Polonico in ius jus theutunicum Theutunicum transferre dignaremur graciose. Nos tamen
401 1747 2412 1828 peticionibus huiusmodi tanquam iustis et racioni consonis benigniter acclinati memo
339 1787 2430 1885 ratas eorum villas seu hereditates Nÿewodna Nyewodna et Dobrzechowka prout in suis metis
399 1877 2442 1946 et limitibus longe lateque circumferencialiter distincte existunt ab antiquo et limitate
328 1936 2349 2019 de iure jure polonico Polonico et quovisalio in ius jus theutunicum Theutunicum quod Maÿdemburgense Maydemburgense dicitur
408 2001 2388 2070 transferrimus et transtulimus tenore presencium mediante perpetue duraturum removentes
378 2061 2457 2139 ibidem omnia iura jura polonicalia Polonicalia et quevisalia modos et conswetudines universas
354 2134 2463 2197 que ipsum ius jus theutunicum Theutunicum Maydemburgensem Maydemburgense predictum plerumque perturbare consweverunt et
366 2197 2481 2266 impedire eximimus insuper et perpettue liberamus omnes et singulos kmethones et quosvis
357 2250 2430 2336 villarum predictarum incolas ab omni Regni regni nostre pallatinorum castellanorum capitaneorum iudicum judicum subiudicum
372 2315 2430 2394 succamerariorum aut ipsorum ministerialium et officalium iudicio judicio et ptatē potestate ut coram ipsis
333 2375 2406 2453 aut ipsorum aliquo pro causis magnis et parvis puta furti incendÿ indendii homicidii sangvinis sanguinis
378 2442 2415 2519 effusione et membrorum mutillacione et alÿs aliis quibuscumque enormibus excessibus cittati
363 2508 2406 2584 minime respondebunt nec aliquas penas solvere tenebunt͛ tenebuntur sed tamen predictarum villarum kme
336 2570 2447 2654 thones et quivis incole coram suis scultetis villarum dictarum pro tempore existentibus
354 2637 2421 2718 sculteti vero coram nobis aut iudice judice nostro generali dum tamen per literam nostram evocati
357 2702 2406 2778 fuerint et cittati et hoc si in reddenda iusticia justicia remisse remissi fuerint et negligens negligentes tunc non
354 2763 2445 2847 aliter quam suo iure jure theutunico Theutunico Maydemburgensi predicto singulis de se querulantibus
351 2825 2430 2910 respondere sint astricti in causis autem criminalibus vel capitalibus superius expressatis
365 2887 2349 2976 predictarum villarum scultetis iudicandi judicandi sentenciandi punieni puniendi plectendi condempnandi
381 2947 2397 3042 plenam damus et omnimodam tenore presencium concedimus facultatem prout hoc ipsum ius jus
347 3015 2421 3111 theutunicum Theutunicum in omnibus suis punctis clausulis articulis condicionibus postulat
366 3090 2427 3178 et requirit iuribus juribus tamen nostras regalibus per omnia semper salvis Harum quibus sigillum nostrum
345 3157 2430 3247 est appensum testimnio testimonio literarum Actum Cracovie dominica post festum sancti Valentini anno
351 3202 2414 3309 Domini millesimo quadringentesimo Lmo quinquagesimo quarto Presentibus ibidem reverendissimis et ...des reverendis
