2863 3689
1068 2613 2360 2712 Priuilegium Privilegium perpetue pepetue donacionis super viginti mansos
977 2685 2442 2796 in silwa Mokow magnifico Stanislao de Ostrorog
1013 2817 1452 2888 castellano Gneznensi.
579 2867 2496 2978 In nomine Domini Amen. Ad perpetuam rei memoriam. Omnia, que aguntur in tempore ne simul
617 2913 2528 3041 cum lapsu temporis euanescant. evanescant Proinde nos Kazimirus dei Dei gracia rex Polonie necnon
557 2991 2498 3111 terrarum Craccovie, Sandomirie, Siradie, Lancicie, Cuiavie, Dobrinie, Pomoranie,
588 3054 2525 3170 magnus dux Lythwanie et heres Russie etc.  et cetera significamus tenore presencium, quibus
