1819 2622
430 255 1328 310 Pars. j. $ iij.
221 334 1471 404 cialibus iuribus expressis Ubi culpa predecessorum nocet successori. iij. $.
247 405 1478 476 ¶ Cum autem regna iure gentium
230 469 1467 528 ad se tuendum instituta sint. Igitur bona regni seu regia illorum. a quibus
227 519 1478 579 vel pro quibus sunt instituta esse censentur. Unde rex non dominus ipsorum
225 567 1472 629 Sed administrator censendus est ar.de dona. dona. c. fraternitatem. et. xij. q. j
223 618 1470 675 c. vltimo. Igitur rex conditione regni meliorare potest. facere vero de-
230 666 1476 724 teriorem non debet. secundum Bal. in proemio de vsufeudorum ar. c. Requi-
232 715 1472 774 siuit de in integrum resti. ff. pro emptore. I. Qui fundum. $. Si tutor. Et si que
226 763 1466 823 sint deteriorata in pristinum debent reduci statum. non obstantibus re-
234 813 1468 870 scriptis regum seu priuilegijs. Quia talia sunt preiudicatiua iuri alieno
234 864 1464 920 quod esse non debet. de rescriptis. c. Quiuis. li. vj. xxv. q. ij. c. Rescripta. Pri
234 912 1470 969 uilegia enim principum non debent esse preiudicatiua alicui tercio: qua licet
224 961 1472 1017 princeps donet. aut vendat. aut quocunque aliomodo illegitime alienet
230 1010 1462 1067 bona regni. posset sufferri in preiudicium alienantis. non tamen in pre-
232 1058 1460 1115 iudicium tercij. quia quodlibet priuilegium intelligitur sine preiudicio iu-
226 1106 1470 1164 ris alieni: vt patet in c. Patentibus de priui. ff. Ne quid in loco publico
224 1154 1466 1214 fiat. I. Pretor ait. $. Si quid a principe cum suis concordancijs. Nec princeps
232 1207 1467 1264 priuilegium dare potest. vt dicit glo. in. d. c. Rescripta xxv. q. ij. Per quod
226 1258 1461 1309 prestatur immunitas a tributis. C. de vecti. I. Quicquid. Nec dare potest
222 1306 1466 1358 priuilegium contra rempublicam. vt dicit Bar. C. Si con.ius. vel vti pub
226 1352 1464 1408 l. fi. Uel quod esset contra ius. xxv. q. ij. c. Imperiali. Quibus apostolus concor-
224 1401 1472 1458 dans ait. Non enim volumus vt alijs sit remissio. vobis autem tribulatio. -
230 1451 1468 1505 ij. ad Corinthios. viij. quibus etiam sacra lex principum concordans ait.
236 1500 1460 1553 Rescripta contra ius elicita ab omnibus iudicibus precimus refu-
224 1547 1464 1606 tari nisi forte aliquod quod non ledat alium. et prosit petenti. vel crimen suppli
222 1596 1466 1654 cantibus indulgeat Item constitutio imperatoris ad populum nec dam-
214 1647 1468 1702 nosa fisco nec iuri contraria postulari oportet. xxv. q.j.c. Ideo. Nisi forte
219 1697 1462 1748 talia priuilegia modicam contineant lesionem. et quod in prefatis iuribus
221 1745 1464 1796 dicitur intelligendum est de enormi lesione. quia modicam lesionem bene
223 1793 1466 1848 potest prestare priuilegium principis: vt patet de. vetb. signi. c. Quid per
223 1841 1464 1896 nouale. Uel etiam si ex post facto incipiat enormiter ledere statim non
222 1888 1458 1944 valet vt patet de decimis. c. Suggestum. Quando cito enim priuilegium recedit
224 1936 1464 1995 ad iniquitatem statim non valet. vt. ff. de vulgari et pupil. I. Ex facto. et per
222 1985 1468 2043 successores potest. Et debet tale priuilegium cassari. lxiij. distin. c. Quia
226 2035 1470 2092 sancta $. verum in fi Et que hoc possit patet quia ipsa priuilegia dicuntur esse
222 2088 1470 2142 quedam priuate leges ab ipso principe concesse. d. c. Ideo. Sed princeps
1302 2153 1401 2196 A 3
