1791 2645
324 216 1257 327 Pars. ij. $ viij
155 318 1408 401 runt apostoli. et sancti patres custodierunt et explanauerunt Hec ille sacra
161 379 1404 451 tissimus imperator Iustinianus et habentur in autentico. Quomodo oporteat
155 427 1404 499 episcopos et reliquos clericos ad ordinationem deduci col. j. viij. $.
191 476 1410 583 Studiorum etiam promotio negligenda
160 562 1396 640 non est. quinimo summopere curanda Scientia enim est lumen. regnum totum irradians.
155 617 1413 687 Quid namque aliud nostrum in tantam deduxit enormitatem nisi ignorantia
161 668 1411 731 regiminis quod acquiritur ex philosophia morali. legibus sacrisque canonibus. diuina
161 715 1407 786 sapientia eis adiuncta. His quippe quatuor rothis totus totus voluitur orbis. que
164 765 1410 834 in illis duobus includuntur de quibus dicitur. distin. j. c. Humanum genus
161 812 1399 883 duobus regitur naturali videlicet iure et moribus etc. Unde Socrates respub.
163 865 1410 930 fore beatas afferunt. si eas philosophi regerent. aut rectores earum studere sapientie conti-
158 911 1418 978 gisset Ro. imperatores. aut duces. dum eorum respub. viguit illiteratos extitisse
166 961 1411 1027 quis dicat. Et ideo seculum illud dicebatur aureum. quin illi sapientes regebant. prout
163 1016 1402 1069 ait Seneca. xciiij. epistola. Iudex enim sapiens iudicabit populum suum et principatus
167 1058 1424 1116 sensati stabilis erit. et rex insipiens perdet populum suum Ecclesia. x. Unde et deus vo
164 1107 1421 1172 luit sapientes esse rectores populi sui. sicut Moyses que peritus fuit in omni
160 1153 1413 1224 sapientia Egyptiorum. sicut dicitur in actibus apostolorum. vij. Similiter et Dauid qui habuit
157 1202 1417 1271 sapientiam sicut angelus dei. ij. Regum. xiiij. Et Salomon qui petijt a deo sapien
163 1251 1414 1321 tiam ad regendum populum. cui domina dedit cor sapiens et intelligens. iij. Regum
166 1296 1411 1366 iij. Rector enim populi insipiens. est sicut furiosus habens gladium in manu. et
163 1346 1413 1419 sicut nauta ignarus artis gubernandi. tenens gubernaculum in tempestate. et
167 1390 1408 1467 sicut leges ignorans. et sedens in loco iudicij. et iudicium peruertens. quod deplan-
158 1442 1414 1512 git sapiens Eccles. iij. dicens. Uidi loco iudicij impietatem. Et in loco iustitie
160 1492 1416 1559 iniquitatem. Unde in litteris quas regem Romanorum ad francorum transmisisse le
170 1541 1416 1614 gitur. quibus hortabatur vt liberos suos liberalibus disciplinis institui
169 1589 1417 1661 procuraret. Hoc inter cetera eleganter adiecit. Quia rex illitteratus est quasi
164 1638 1414 1707 asinus coronatus. Et Eneas Siluius epistula. iiij. ad nepotulum suum scribens
158 1686 1408 1755 dicit. Nescio quid esse possis absque litteris nisi asinus bipes. Quid enim homo est
166 1738 1405 1805 absque doctrina quantum uis dines. quantum vis potens. Quid inter hominem illi-
160 1786 1411 1852 teratum et marmoream statuam interest non dux. non rex. non imperator. alicuius
167 1833 1413 1908 precij est litterarum ignarus Hec ille. Non frustra quippe dictum est Sapientiam
169 1882 1418 1955 et disciplinam qui abijcit infelix est et vacua est spes illorum et labores sine fructu
163 1935 1414 2005 et inutilia opera eorum etcetera. Sapientie. iij. Unde et in Deuteronomio. xvij. de Rege
161 1980 1418 2054 dicitur. Cumque fuerit constitutus non multiplicabit sibi equos nec reducet populum
157 2036 1418 2104 in Egyptum: equitatus numero subleuatus. presertim cum dominus preceperit
160 2079 1420 2189 vobis vt nequaquam amplius per eandem viam reuertamini. non habebit vxores
1235 2140 1333 2215 C 2
