1751 2648
521 240 1297 288 Pars. ij. $ iij.
322 323 1581 370 tores enim et adulteri. molles. masculorum concubitores. fures. auari. ebriosi
326 372 1566 416 maledici. rapaces regnum dei non possidebunt. j. ad Corinth. vj. Et idem ad
330 421 1568 469 Ephesios. v. ait. fornicatio autem et omnis in mundicia. aut auaricia nec
326 469 1565 517 nominetur in vobis sicut decet sanctos aut turpitudo. aut stultiloquium
330 519 1568 565 aut scurrilitas que ad rem non pertinet. Hoc enim scitote intelligentes que omnis
332 566 1570 613 fornicator. aut immundus. aut auarus quod est ydolorum seruitus non habet
326 615 1562 661 hereditatem in regno Christi et dei. Nemo vos seducat inanibus verbis
330 664 1561 709 propter hec enim venit ira dei in filios diffidentie. Nolite ergo effici parti-
332 713 1562 758 cipes illorum etcetera. Et ad Romanos. viij. Si secundum carnem vixeritis morie-
328 761 1562 811 mini etcetera. Stipendia enim peccati. vt idem apostolus ad eosdem scribens. c. vj. ait
324 810 1564 858 Mors est. hoc est a regno celorum excludunt eternaliter animam damnantia
330 860 1562 908 Nihil enim coinquinatum nihil maculatum introibit in regnum celorum. Propte
328 910 1558 957 rea apostolus nos monet dicens. Mortificate membra vestra que sunt super terram.
330 956 1560 1006 fornicationem inmundiciam libidinem concupiscentiam malam et aua-
328 1004 1565 1054 riciam. que est simulacrorum seruitus. propter que venit ira dei super filios in-
324 1053 1564 1103 credulitatis deponite. ad Colosenses iij. Et ad Romanos. c. vj. Sicut enim
332 1105 1556 1151 exibuitis membra vestra seruire immundicie et iniquitati ad iniquitatem.
325 1149 1558 1200 ita nunc exhibete membra vestra seruire iustitie in sanctificationem cum
326 1198 1566 1249 enim serui essetis peccati. liberi fuistis iustitie quem ergo fructum habuistis
326 1248 1559 1296 tunc in illis in quibus nunc erubescitis. Nam finis illorum mors est ect. Et ad
321 1298 1556 1344 Thesal. c. iiij. Hec est enim voluntas dei sanctificatio vestra. vt abstineatis
326 1344 1563 1397 vos a fornicatione. vt sciat vnusquisque vestrum vas suum possidere in san-
322 1394 1563 1444 ctitate et honore. non in passione desiderij. et ne quis suꝑgradiatur neque cir-
328 1442 1555 1492 cumueniat in negocio fratrem suum quoniam vindex est dominus de his omnibus. Non
333 1489 1556 1543 enim vocauit nos deus in immundiciam. sed in sanctificationem hec ille
324 1538 1558 1593 Attendant hec brutales quidam homines fornicationem sanitatis causa non.
326 1588 1559 1642 esse peccatum dicentes. O quam stulti et illecebres tales esse sensentur presu-
326 1637 1560 1690 mentes nature contradicere et deo hoc prohibenti qui nihil prohibuit
322 1686 1560 1737 nisi nociua. Et esto que ita sit. vt. vt ipsi occecati putant. Non tamen facienda
321 1732 1560 1786 sunt mala vt eueniant bona xiij. q. v. quasi per totum et. xxij. q. ij. Is autem
326 1781 1560 1837 et. c. faciat. Unde quippe tales plus quam rabidi canes et venenosi serpen
322 1829 1556 1885 tes sunt omnino fugiendi. Unde apostolus Si is qui frater nominatur inter
322 1878 1556 1936 vos et est fornicator. aut auarus. aut ydolis seruiens. aut maledicus. aut
322 1926 1556 1984 ebriosus aut rapax cum huius modi nec cibum sumere debetis. j. ad Corinth.
330 1977 1556 2032 v. Bestiales enim sunt animalium vitam ducentes quare nihil mirum que ipsi errent
326 2025 1556 2080 Animalis enim homo. vt inquit apostolus. non percipit ea que sunt spiritus dei
314 2075 1554 2130 stultitia enim est illi et non potest intelligere. j. ad Corinth. ij. Et de talibus
