1775 2636
569 250 1310 339 Pars ij. $ iij.
363 325 1605 429 hortatur dicens. Charissimi Obsecro vos abstinete a carnalibus desiderijs
367 393 1606 475 que militant aduersus animam Cui Paulus apostolus concordans ait. Deside
370 445 1605 527 ria carnis nom perficietis. caro enim concupiscit aduersus spiritum Spiritus autem
373 494 1606 576 aduersus carnem Hec enim sibi inuicem aduersantur etc. Ad Gala. v. Et hec sunt
371 543 1613 623 bella seu certamina. De quibus beatus Aug. vbi supra dicit. Nemo dicat
367 588 1613 672 fratres que temporibus nostris martirum certamina non possunt esse. Habet enim
366 642 1606 724 pax martires suos. Nam frequenter iracundiam mitigare. libidinem fugere.
376 688 1619 771 iustitiam custodire. cupiditatem contemnere. pars est magna martirij Contem
373 735 1615 821 nenda namque est cupiditas que quidem velut ignis quanto amplius accipit. tanto
371 793 1610 872 aplius requirit Iracundiam vero mitiganda que prius nociuis nocet quam no-
373 839 1616 918 cendis. Cuius autem libidinem fugiendam esse diximus apostolo doctore euidenter di
377 884 1603 969 dicimus. quia cum omnibus vicijs resistendum esse predixerat. contra libidinem. non
374 934 1619 1013 dixit resistere. sed ait fugite fornicationem. acsi diceret reliquis vicijs deo auxi
374 982 1615 1064 liante debemus in presenti resistere. libidinem vero fugiendo superare Sic etiam
374 1030 1616 1115 in scripturis alibi legimus noli attendere in faciem virginis. ne scandalizet
371 1079 1619 1165 te vultus eius. Nam et beatus Ioseph vt impudicam dominam posset euadem pal
371 1130 1624 1211 lium quo apprehensus erat reliquit et fugit contra libidinis impetum. Apprehende fugam
377 1180 1619 1260 si vis optinere victoriam. Sic nec sit tibi verecundum fugem si castitatis palmam
377 1227 1618 1310 desideras optinere. Uidete fratres quomodo ab omnibus christianis indigna et
371 1274 1624 1359 inhonesta familiaritas mulierum fugienda est. quia sine vlla dubitatione. qui fami
373 1325 1630 1408 liaritatem mulierum non vult fugere cito dabitur in ruinam. Sed forte negligens quisque
388 1378 1631 1454 et minus de anime sue salute sollicitus respondet et dicit Ecce ego familiaritatem habeo
376 1421 1628 1509 mulierum. et tamen arma castitatis custodio. Infelix est et nimium periculosa pre-
373 1470 1628 1559 sumptio. Multi enim putant se vincere cum victi sunt. Sed ad hoc aliquis addet
376 1520 1635 1606 et dicit. Ego inter mulieres habito et continentiam seruo. et volo habere que vin-
382 1569 1628 1654 cam quod est quod volo habere que vincam. non hoc volo habere que peream sed ego.
373 1621 1625 1704 inquit. libidinis impetum tanquam aduersarium meum retinere volo. Uide ergo ne contra
376 1672 1628 1752 te incipiat captiuitas ipsa preualere et vnde putabas optinere triumphum
382 1719 1634 1801 inde eternum incurras opprobium. Inter omnia enim christianorum certamina
385 1769 1630 1848 sola dura sunt prelia castitatis. Ubi quotidiana pugna et rara victoria
388 1814 1631 1899 Grauem namque fortita est castitas inimicum cui quotidie resistitur et super timetur. Et
380 1870 1637 1950 ideo sicut dictum est. Nemo se falsa securitate decipiat. vt de suis viribus peri-
382 1914 1635 1998 culse presumat. Sed audiat apostolum clamantem: fugite fornicationem Dauid
382 1963 1625 2045 enim ille sanctissimus in mille passibus vidit mulierem nudam et adamauit et
386 2013 1628 2097 statim homicidium fecit et adulterium. Et que cum mulieribus habitantes putant
382 2063 1635 2148 se castitatis optinere triumphum ignorant. que apud deum dupliciter se reos
393 2113 1634 2230 ostendunt. Se ipsos enim in periculum mittunt. et alijs exempla peruerse fami
