1751 2648
519 192 1296 291 Pars. ij. $ iij.
319 286 1580 364 tores enim et adulteri. molles. masculorum concubitores. fures. auari. ebriosi
323 350 1565 411 maledici. rapaces regnum dei non possidebunt. j. ad Corinth. vj. Et idem ad
328 395 1567 467 Ephesios. v. ait. fornicatio autem et omnis in mundicia. aut auaricia nec
323 445 1564 516 nominetur in vobis sicut decet sanctos aut turpitudo. aut stultiloquium
328 495 1567 561 aut scurrilitas que ad rem non pertinet. Hoc enim scitote intelligentes que omnis
329 545 1568 610 fornicator. aut immundus. aut auarus quod est ydolorum seruitus non habet
323 591 1561 659 hereditatem in regno Christi et dei. Nemo vos seducat inanibus verbis
329 645 1559 707 propter hec enim venit ira dei in filios diffidentie. Nolite ergo effici parti-
331 689 1561 754 cipes illorum etcetera. Et ad Romanos. viij. Si secundum carnem vixeritis morie-
326 737 1561 810 mini etcetera. Stipendia enim peccati. vt idem apostolus ad eosdem scribens. c. vj. ait
322 792 1562 857 Mors est. hoc est a regno celorum excludunt eternaliter animam damnantia
328 835 1561 906 Nihil enim coinquinatum nihil maculatum introibit in regnum celorum. Propte
326 884 1556 956 rea apostolus nos monet dicens. Mortificate membra vestra que sunt super terram.
329 934 1559 1003 fornicationem inmundiciam libidinem concupiscentiam malam et aua-
326 979 1564 1048 riciam. que est simulacrorum seruitus. propter que venit ira dei super filios in-
322 1028 1562 1098 credulitatis deponite. ad Colosenses iij. Et ad Romanos. c. vj. Sicut enim
329 1078 1555 1148 exibuitis membra vestra seruire immundicie et iniquitati ad iniquitatem.
322 1132 1556 1197 ita nunc exhibete membra vestra seruire iustitie in sanctificationem cum
325 1173 1565 1246 enim serui essetis peccati. liberi fuistis iustitie quem ergo fructum habuistis
323 1221 1558 1293 tunc in illis in quibus nunc erubescitis. Nam finis illorum mors est ect. Et ad
320 1271 1555 1341 Thesal. c. iiij. Hec est enim voluntas dei sanctificatio vestra. vt abstineatis
325 1321 1562 1394 vos a fornicatione. vt sciat vnusquisque vestrum vas suum possidere in san-
320 1369 1562 1443 ctitate et honore. non in passione desiderij. et ne quis suꝑgradiatur neque cir-
326 1416 1553 1488 cumueniat in negocio fratrem suum quoniam vindex est dominus de his omnibus. Non
332 1466 1555 1537 enim vocauit nos deus in immundiciam. sed in sanctificationem hec ille
322 1512 1556 1588 Attendant hec brutales quidam homines fornicationem sanitatis causa non.
325 1568 1558 1637 esse peccatum dicentes. O quam stulti et illecebres tales esse sensentur presu-
325 1612 1559 1687 mentes nature contradicere et deo hoc prohibenti qui nihil prohibuit
320 1660 1559 1734 nisi nociua. Et esto que ita sit. vt. vt ipsi occecati putant. Non tamen facienda
320 1709 1559 1781 sunt mala vt eueniant bona xiij. q. v. quasi per totum et. xxij. q. ij. Is autem
325 1756 1559 1833 et. c. faciat. Unde quippe tales plus quam rabidi canes et venenosi serpen
320 1812 1555 1880 tes sunt omnino fugiendi. Unde apostolus Si is qui frater nominatur inter
320 1853 1555 1930 vos et est fornicator. aut auarus. aut ydolis seruiens. aut maledicus. aut
319 1903 1555 1978 ebriosus aut rapax cum huius modi nec cibum sumere debetis. j. ad Corinth.
329 1950 1555 2028 v. Bestiales enim sunt animalium vitam ducentes quare nihil mirum que ipsi errent
325 2005 1555 2077 Animalis enim homo. vt inquit apostolus. non percipit ea que sunt spiritus dei
313 2049 1553 2143 stultitia enim est illi et non potest intelligere. j. ad Corinth. ij. Et de talibus
