1819 2639
550 266 1462 317 Pars. ij. $ iij.
374 346 1612 388 ei vita contemplatiua. Quilibet ergo vel viuit vt bestia: vel viuit vt homo.
377 396 1616 437 vel viuit vt angelus. Nam secundum vitam voluptuosam seu carnalem viuit.
369 445 1614 488 vt brutum. Secundum ciuilem vel politicam viuit vt homo. Secundum contemplatiuam
371 495 1614 537 viuit vt angelus. Quarum prima vita est pessima quia ducit ad interitum
376 544 1620 586 et consistit inquantum homo sensualia et carnis desideria insequitur. Secundum est bona
374 594 1615 637 que consistit inquantum homo secundum rationem ordinatur actiones sensitiuas et cor
373 641 1622 685 porales stringens eas seu dirigens secundum regulas naturalis et diuini iuris
371 688 1621 734 Tercia vero est optima et naturalissima homini. non secundumque est compositus
371 739 1622 784 quia sic ei vita humana id est mortalis et politica competit. sed secundum illud
375 792 1620 834 quod est principale et aliquid diuinum in ipso vt est intellectus que principalior
369 839 1623 885 est et naturalior pars hominis. secundum quam intelligentiarum naturam participat et
361 887 1629 933 hec vita alio vocatur nomine vita angelica seu diuina excellens humanam. De-
367 936 1619 981 diti enim operabilibus. alias humanam seu politicam vitam ducentibus propter diuer
365 983 1623 1028 sitatem negociorum emergentium turbantur erga plurima. et vt plurimum isti
357 1032 1619 1078 sentiunt passiones carnis. Dediti vero speculabilibus et contemplationi
363 1083 1619 1130 diuinorum quodammodo ab his passionibus sunt abstracti propter dulcedinem.
365 1133 1617 1178 quam sentiunt ex contemplatione. Quid attendens philosophus vnumquemque vt eam sibi eli-
365 1185 1618 1225 gat hortatur. x. Ethicorum dicens Homo mortalis id est vitam actiuam seu poli-
369 1229 1619 1274 ticam ducens pro posse debet laborareque viuat vita contemplatiua quia sic vi-
371 1279 1615 1325 uendo viuit secundum optimum eorum que sunt in ipso quod licet sit mole paruum quia
357 1329 1617 1373 scilicet caret quantitate corporea preciositate tamen excedit omnia que sunt in homine.
361 1380 1627 1421 et sic talis vita est delectabilissima et suauissima cum fit secundum optimum eorum
373 1427 1623 1471 que sunt in homine licet mundani homines carnalibus dediti oppositum iudicent
363 1474 1629 1523 sed iudicium ipsorum est falsum quia eos: vt dicit beatus Aug. Acetum dele
375 1523 1633 1571 ctationis carnalis quo sunt repleti non sinit mel suauitatis spiritualis degu-
365 1575 1631 1618 stare: de quo ait Psal. Quam dulcia faucibus eloquia tua super mel ori meo.
369 1625 1631 1666 et Mathei. xj. Tollite iugum meum super vos et discite me quia mitis sum et
370 1673 1631 1717 humilis corde. et inuenietis requiem animabus vestris. Iugum enim meum
375 1720 1629 1768 suaue est et onus meum leue. Non aduertunt autem hec bestiales seu carnales
369 1772 1627 1816 homines qui propter delectationem carnis momentaneam suam animam eternaliter
375 1821 1623 1863 cruciandam dyabolo tradunt. Unde Aug. contra tales inuehit dicens. O quanta
367 1871 1627 1914 iniquitas: o quanta peruersitas vt animam quam christus suo sacro sanguine
365 1920 1627 1962 redemit luxuriosus quisque propter vnius momenti delectationem libidinis dya
365 1970 1630 2013 bolo pessimo inimico suo vendit et tradit vere nimium miseranda et plan-
373 2019 1630 2062 genda est conditio. En cito preterit quod delectat et permanet sine fine quod cru
365 2068 1623 2110 ciat Sub momento enim libidinis impetus transit et permanet sine fine. anime
371 2119 1633 2167 infelicis opprobrium. Sed dicet aliquis iuuenis homo sum facio quod mede-
