1775 2636
572 294 1311 340 Pars ij. $ iij.
366 367 1606 432 hortatur dicens. Charissimi Obsecro vos abstinete a carnalibus desiderijs
370 418 1607 480 que militant aduersus animam Cui Paulus apostolus concordans ait. Deside
372 467 1606 530 ria carnis nom perficietis. caro enim concupiscit aduersus spiritum Spiritus autem
376 515 1607 578 aduersus carnem Hec enim sibi inuicem aduersantur etc. Ad Gala. v. Et hec sunt
374 565 1614 626 bella seu certamina. De quibus beatus Aug. vbi supra dicit. Nemo dicat
370 614 1614 676 fratres que temporibus nostris martirum certamina non possunt esse. Habet enim
369 662 1608 726 pax martires suos. Nam frequenter iracundiam mitigare. libidinem fugere.
378 710 1621 773 iustitiam custodire. cupiditatem contemnere. pars est magna martirij Contem
376 765 1616 823 nenda namque est cupiditas que quidem velut ignis quanto amplius accipit. tanto
374 812 1612 872 aplius requirit Iracundiam vero mitiganda que prius nociuis nocet quam no-
376 857 1618 920 cendis. Cuius autem libidinem fugiendam esse diximus apostolo doctore euidenter di
380 908 1605 968 dicimus. quia cum omnibus vicijs resistendum esse predixerat. contra libidinem. non
377 957 1621 1017 dixit resistere. sed ait fugite fornicationem. acsi diceret reliquis vicijs deo auxi
377 1004 1616 1068 liante debemus in presenti resistere. libidinem vero fugiendo superare Sic etiam
377 1056 1617 1117 in scripturis alibi legimus noli attendere in faciem virginis. ne scandalizet
374 1106 1621 1167 te vultus eius. Nam et beatus Ioseph vt impudicam dominam posset euadem pal
374 1158 1625 1216 lium quo apprehensus erat reliquit et fugit contra libidinis impetum. Apprehende fugam
380 1204 1621 1265 si vis optinere victoriam. Sic nec sit tibi verecundum fugem si castitatis palmam
380 1252 1619 1315 desideras optinere. Uidete fratres quomodo ab omnibus christianis indigna et
374 1301 1625 1364 inhonesta familiaritas mulierum fugienda est. quia sine vlla dubitatione. qui fami
375 1354 1631 1412 liaritatem mulierum non vult fugere cito dabitur in ruinam. Sed forte negligens quisque
390 1399 1632 1459 et minus de anime sue salute sollicitus respondet et dicit Ecce ego familiaritatem habeo
378 1446 1629 1515 mulierum. et tamen arma castitatis custodio. Infelix est et nimium periculosa pre-
376 1495 1629 1564 sumptio. Multi enim putant se vincere cum victi sunt. Sed ad hoc aliquis addet
378 1545 1636 1611 et dicit. Ego inter mulieres habito et continentiam seruo. et volo habere que vin-
385 1597 1630 1658 cam quod est quod volo habere que vincam. non hoc volo habere que peream sed ego.
376 1647 1627 1709 inquit. libidinis impetum tanquam aduersarium meum retinere volo. Uide ergo ne contra
378 1695 1629 1761 te incipiat captiuitas ipsa preualere et vnde putabas optinere triumphum
384 1742 1635 1808 inde eternum incurras opprobium. Inter omnia enim christianorum certamina
387 1790 1631 1857 sola dura sunt prelia castitatis. Ubi quotidiana pugna et rara victoria
390 1839 1632 1906 Grauem namque fortita est castitas inimicum cui quotidie resistitur et super timetur. Et
385 1889 1638 1956 ideo sicut dictum est. Nemo se falsa securitate decipiat. vt de suis viribus peri-
384 1939 1636 2004 culse presumat. Sed audiat apostolum clamantem: fugite fornicationem Dauid
384 1990 1626 2053 enim ille sanctissimus in mille passibus vidit mulierem nudam et adamauit et
389 2039 1630 2100 statim homicidium fecit et adulterium. Et que cum mulieribus habitantes putant
385 2090 1637 2152 se castitatis optinere triumphum ignorant. que apud deum dupliciter se reos
396 2142 1635 2202 ostendunt. Se ipsos enim in periculum mittunt. et alijs exempla peruerse fami
