1592 2278
141 106 1209 172 nas ut virtutes et vicia virtutem celi concurrere dicunt ut cum aliquem ex
141 163 1212 220 stellis et celo castum et virtuosum dicunt. alium vero lascivum et virtuosum non neces
146 208 1218 272 sitatem dicunt sed inclinatonem patet ex notabili veritas correlative. istis no. sic stare. est ista
154 256 1210 336 Conclusio prima. Sapere et sentire non sunt
154 321 1206 377 idem probatur conclusio. illa que sunt idem ubi invenitur unum ibi et reliquum
150 368 1210 427 Dicitur enim primo phisicorum que illa que sunt idem quicquid convenit
153 415 1206 465 uni convenit etiam alteri. sed sapere reperitur in aliquo in quo non reperi
149 458 1206 510 tur sentire et econverso sentire reperitur in aliquo in quo non reperitur
sapere igitur sapere non est sentire probatur minor et sentire convenit
158 546 1210 606 omnibus animalibus eo que animal dicitur animal propter sensum tactus ut dicitur
155 593 1220 649 tertio de anima. sapere autem convenit paucis quia solum hominibus
153 637 1213 696 essentialiter et proprie licet in quibusdam brutis reperitur secundum aliquam parti
154 683 1209 740 cipationem ut in his animalibus que disciplinabilia sunt et que aliqua
158 732 1215 787 liter participant prudentiam que iudicant recte de agibilibus secundum estima
155 775 1213 832 tivam virtutem que in eis est fortis ut in canibus simeis et formicis
160 827 246 877 que tempore estatis colligit grana.
157 861 1222 944 Conclusio secunda. Sentire et intelligere non
158 928 1220 990 sunt idem probatur illa que sunt idem quicquid convenit uni convenit et al
158 974 1213 1036 teri ut dicitur primo phisicorum. sed aliquid convenit intellectui quid non conve-
162 1020 1222 1082 nit sensui igitur intellectus non est sensus nec sentire est intelligere
160 1071 1220 1123 nec econverso intelligere est sentire. minor probatur et contingit recte et
non recte. recte per scientiam que est speculabilium similiter per prudentiam que
168 1154 1213 1214 est agibilium et per opinionem veram que est cum formidine de opposito.
159 1199 1220 1259 non recte autem per contraria illorum habituum ut per deceptonem ut per scienti
163 1247 1215 1304 am falsam imprudentiam et per opinionem falsam. sed sensus spiritualis est verorum
165 1288 1212 1351 et per sensum spiritualem iudicatur vere igitur concluditur sentire et intelligere non
162 1335 1217 1394 sunt idem. que hoc sit verum que sensus spiritualis sit verorum et que sensus spiritualis vere iudi-
165 1379 1219 1441 cat patet et sensus non errat circa sensibile proprium ut dictum est autem et hoc
165 1425 1219 1485 suppositis tribus conditionibus prius dictis scilicet debita dispositione organi et
168 1470 1219 1532 medii et posita debita distantia obiecti sensibilis et ipsius sensus. Sequi
172 1517 1220 1575 tur correllative. primo que maior est certitudo in sensu repectu priopriorum sensi
169 1564 1220 1621 bilium quam respectu illorum que annectuntur et coniunguntur propriis sensibilibus.
169 1607 1219 1668 ratio quia circa illa annexa potest faciliter accidere error. Sequitur correllative.
172 1654 1220 1711 secundo que et sensus est principium unum occasionaliter accipitur noticia intellectiva non
176 1697 1224 1757 optet ergo dimittere sensum et sequi rationem: unum et dicitur. viii. phisicorum. Di
170 1741 1225 1800 mittere sensum et sequi rationem est debilitas intellectus sensus ergo est funda
170 1788 1231 1850 mentum nostre cognitionis. Sequitur correllative. iii. que philosophus plus debet sequi sen
183 1832 1223 1893 sum quam rationem et hoc est verum quando sensus non errat circa obiectum certum
172 1879 1220 1965 et sibi proportionatum. quando enim sensus errat intellectus corrigit eius
1094 1923 1182 2042 y iiii
