1553 2277
99 126 1158 244 gitudine: si vero est sicut ex utrisque et in tempore
93 235 1154 340 est quod in utrisque. Quod autem non secundum quantita-
89 328 1150 428 tem indivisibile est. sed specialiter intelligitur et indivisi
97 422 1144 518 bili tempore et indivisibili anime conceptu: secundum accidens
94 516 1151 612 autem et non inquantum illa divisibilia sunt quod intelli
93 612 1159 709 git et ex quo tempore: sed inquantum sunt indivisibilia
103 707 1147 800 Inest autem utique his aliquod indivisibile sed for-
91 804 1153 900 te indivisibile: quod facit tempus unum et longitudi
nem et hoc similiter est in omni continuo et tempore et lon
89 989 1165 1087 gitudine. punctum autem et omnis divisio et sic in-
99 1079 1156 1173 divisibile monstratur sicut privatio et similis ratio
97 1172 1164 1267 in aliis est ut quod malum cognoscit aut nigrum
98 1262 1163 1361 contrario enim aliquo modo cognoscit. oportet autem potentia
97 1358 1164 1453 esse cognoscens et esse in ipso si vero alicui non
99 1449 1166 1550 inest contrarium ipsum cognoscit seipsum et actu est
99 1535 1147 1639 et separabile. Est autem omnis quidem dictio in quo ali-
101 1631 1168 1731 quid de aliquo dicitur sicut affirmatio vera est aut falsa.
88 1726 1177 1831 omnis intellectus autem non omnis sed qui est ipsius quid
107 1832 1165 1927 est in hoc que aliquid erat esse: verus est et
98 1931 1147 2044 non aliquid de aliquo. Sed sicut videri
