1523 2283
353 169 1417 235 proprii verum est: si autem homo albus aut niger non est
361 261 1425 319 verum super: sic autem se habent quocumque sine materia sunt.
369 358 1430 410 Idem autem est secundum actum scientia rei: que vero secundum potentiam
361 450 1420 505 tempore prior est in vno omnino aut neque tempore
364 544 1298 594 fiunt enim ex actu ente omnia que fiunt.
356 637 1418 686 Utrum tamen due sunt operationes intellectus:
354 686 1414 733 simplicium intelligentia prima composito et divisio secunda. Pro
358 731 1414 779 huius questionis mote intelligentia. Notandum primo Ex indi-
352 776 1414 825 visibile secundum Aristotelem capitur tripliciter sicut unum. Primo ali
360 822 1417 869 quid dicitur indiuisibile sicut continuum quod sicut actu non est divisum potentia
354 868 1415 914 tamen est divisibile ut enim dicitur. iii. phisicorum. Continuum est unum in ac
354 912 1411 958 tu et secundum se sed est multa in potentia. illa autem potentia ducitur in actum per divi
356 958 1410 1003 sionem illius ergo indivisibilis est unus intellectus indivisibilis etiam
356 1003 1401 1049 secundum tempus ut dicitur in textu. primo enim intelligimus continuum ut vnum et indivi
358 1049 1397 1093 sibile postea eius pars discernimus et apprehendimus. Secundo dicitur aliquid
349 1099 1401 1139 indivisibile secundum speciem etiam si non sit continuum. ut homo. unus et species apud
353 1143 1415 1185 Aristo. in phlosophias sepe dicitur athomum quasi indivisibile ab a quod est sine et
353 1189 1409 1229 thomos divisio quasi sine divisione non enim dividitur species formaliter
359 1235 1411 1275 talis enim divisio fit per differentias oppositas quas species non habet sed
353 1278 1405 1320 dividitur tamen materialiter per portiones materie et conditiones et circumstanti
355 1323 1411 1366 as individuales et tale indivisibile enim prius intelligitur quam eius pars. dicit
353 1371 1407 1410 enim nono methaphisicorum. contingit intelligere hominem preter hunc hominem. Tertio
349 1418 1413 1455 dicitur indivisibile simpliciter quod sicut non habet partes in quas divideretur et sic
349 1462 1406 1500 punctus vel veritas dicitur indivisibilis. dicit enim Euclides punctus est cuius
349 1507 1412 1546 pars non est et tale indivisibile non intelligimus primo sed ipsum cognosci
351 1555 1418 1590 mus per abnegationem divisibilium quemadmodum in privative oppositis
349 1599 1415 1637 cognoscimus unum privativorum per speciem alterius quomodo etiam cognos-
351 1643 1422 1684 cimus illa divina separata quid enim deus sit ignoramus quid autem non sit
355 1690 1420 1729 intelligimus. Recte ergo dixit Dyonisius que affirmationes de deo
345 1736 1408 1775 sunt incompacte id est non firme et proprie negatoiones autem de deo sunt plus
354 1784 1418 1819 certe et vere omnia ergo que transcendunt sensum intelligimus per abnegationem
352 1827 1404 1864 sensibilium. nostra enim cognitio incipit a sensu uno et de separatis dicimus que sunt in
350 1872 1415 1911 materialia incorruptibilia incorporea abnegando ab eis proprietates
343 1920 927 1958 rerum materialium et sensibilium.
