1517 2280
346 150 1421 190 eo que habent species intelligibiles eis concreatas. Unde dixit auctor de cau
348 197 1417 236 sis que intelligentia plena est formis. Intellectus etiam separati maxime sunt
348 243 1415 280 in actu non ergo intelligunt discursive de isto tamen plenius ostenditur. xii. me-
351 289 1417 326 thaphi. Sequitur correlarie primo que intelligere discursive est imperfe-
349 335 1419 371 ctionis patet et intellectus intelligens discursive colligit species a rebus. unde
339 381 1428 416 recte dixit Com. xii. methaphi. Scientia divina causat res: nostra autem scientia
352 428 1424 462 causatur a rebus. Sequitur correllarie secundo que illis divinis non convenit
353 473 1417 506 hec tertia operatio intellectus patet et nihil imperfectiois. Sequitur correl-
355 518 1419 552 larie tertio que substantie separate maxime debet dici intellectuales et parum
351 565 1419 598 rationales patet et substantie separate intelligunt intuitive tamen et rationantur proceden
355 611 1424 645 do a causa ad effectum. Sequitur correlarie quarto que homo maxime et proprie
349 653 1423 689 dicitur rationalis et multum sed parum dicitur intellectuales patet et intellectus noster
355 701 1420 735 discurrit a causis ad effectus. Sequitur correllarie quinto que hec operatio
360 746 1420 780 tertia comprehenditur sub secunda patet et discursus etiam fit componendo et hec ope
355 790 1425 826 ratio exprimitur per demonstrationem et syllogismum demonstrativum de quo
355 837 1311 871 dicitur primo poste. demonstratio est syllogismus faciens scire.
367 903 1416 936 Notandum quarto et ultimo. Que sicut sensus non
359 949 1414 983 decipitur circa proprium sensibile nec errat circa ipsum nisi per accidens ut osten
355 994 1414 1029 sum est in secundo huius. sic etiam intellectus noster non errat circa ipsum quod quid
360 1040 1416 1073 est et quiditatem rei quam comprehendit in prima operatione sua nisi per accidens . Du
359 1086 1417 1119 pliciter ergo secundum Egidium contingit intellectum per accidens errare circa primam
359 1130 1421 1165 operationem intellectus et circa ipsum que quid. Primo non applicando debi
359 1175 1414 1209 tam diffinitionem diffinito. Secundo non applicando debitum genus debite
360 1222 1416 1254 differentie vel debitum actum. debite ponere uniendo. s. illa in diffinitione que
366 1267 1412 1301 impossibilia sunt uniri ut dicendo homo est animal insensitivum: et autem unaqueque
357 1312 1420 1346 res magis est dicenda talis secundum illud quod ei per se convenit quam secundum id quod ei
355 1358 1417 1391 per accidens convenit. igitur intellectus in prima operatioe dicitur semper et per se verus ut
364 1403 1416 1437 dicitur in textu: sed in secunda operatione et tertia contingit fieri falsitatem. Sequi
366 1447 1416 1484 tur correllarie que maxime contingit et possibile est intellectum errare in ope
358 1492 1418 1529 ratione tertia et aliquando intellectus accipit hoc pro causa quod non est causa
359 1535 1412 1574 Sequitur correlarie secundo que in operatione secunda minus errat intellectus quam
359 1583 1415 1619 in tertia patet et in compositione et divisione non accidit tanta varietas et di-
366 1628 1422 1665 versitas sicut in prima. Sequitur correllarie tertio que in prima operatione
366 1672 1420 1709 minus intellectus errat quam in secunda. Sequitur correllarie quarto et ut dicit
360 1718 1417 1757 Thomas que logica est directiva nec intellectus errat in operationibus
370 1763 1418 1801 suis necesse fuit ut Aristo. plures libros fecit pro regulatione et directio
368 1808 1420 1846 ne intellectus in tertia operatione quam prima et secunda patet et ubi est maior in-
360 1854 1424 1892 firmitas ibi est applicando medicina. Unde pro operatione tertia dirgenda
356 1901 1417 1941 fecit quattuor libros priorum posteriorum elencorum et topicorum. Pro operatione
