1600 2307
135 123 1230 243 Sensum autem non necesse inesse omnibus vi-
126 226 1230 335 ventibus neque enim quorum corpus simplex
121 322 1224 425 est contingit tactum habere neque sine hoc
133 416 1219 519 possibile esse vullum animal neque quecunque non
134 507 1224 608 susceptiva specierum sine materia. Omne
153 601 1235 702 animal autem necesse est sensum habere si
135 697 1234 795 nihil frustra natura a propter enim aliquod omnia
121 792 1216 885 sunt natura subsistunt aut sunt coinciden
tia eorum que sunt propter aliquid. Si er
133 974 1229 1074 go omne processivum non haberet sensum
125 1065 1220 1170 corrumperetur utique et ad finem utique non de
129 1161 1217 1256 veniret qui est nature opus. Quomodo enim
126 1245 1212 1350 aletur in manentibus quidem enim inexistit unde
129 1336 1212 1439 nata sunt nutriri non potest autem quidem cor
134 1438 1194 1532 pus habere animam et intellectum discretivum
Sensum autem non habere non mansivum exi-
130 1618 1212 1719 stens generabile autem. At vero ut inge-
134 1708 1207 1809 nerabile quare eniam non habebit aut enim
142 1800 1202 1908 anime melius est aut corpori. Nunc autem
129 1898 1179 2031 neutrum est hoc quidem non magis intel
