2916 3742
650 351 2607 453 Per ipsos rupta violataque federa Tociesque Regno Polonie per eos illata
651 406 2604 514 arma quibus Regnum Polonie in suam redigere dicionem destinaverant nisi
656 457 2643 545 Cladibus multiplicibus obruti domitique fuissent Nec illis umquam illis voluntatem
659 507 2579 620 nos et Regnum nostrum Polonie lacessendi sed facultatem defuisse petita per
649 553 2601 655 illos a Concillo Basiliensi et Sede Appostolica de rumpendo federe ultimo cum
641 617 2601 723 Regno nostro sanccito licencia demonstrant Silencio tegere non possumus iniuriam
639 670 2664 779 magistri et ordinis Prussie in exigenda a mercatoribus subditisque nostris dacia
639 715 2637 822 funthczol que licet ex federe exigi a nostris transmarinisque mercatoribus non
641 778 2594 876 debebat si Prussie mercatotes ab illa solvi quoquomodo contigisset cōr
645 824 2595 919 tinuata tamen fuit pluribus annis hujusmodi in nostris transmarinis mercatoribus
662 879 2659 982 Exaccio Prussie mercatoribus illius optinentibus in notabili parte relaxacionem
639 929 2641 1045 porciones insuper et sortes Terrarum Regni nostri Polonie et ducatus ma
653 983 2589 1097 gni Lithwanie priscis temporibus per magistrum et ordinem occupate non solum
649 1031 2607 1137 nobis Regno Polonie et ducatui magno Lithwanie juxta federis or
659 1074 2622 1187 dinacionem Magister et ordo restituit Prussie non restituit sed insuper plura et am
658 1130 2606 1251 pliora occupavit Accedit tristis horrendeque tirannidis memoria Civium
655 1179 2636 1305 de Choszczno qui in preterito bello in fidem patris nostri concesserant seva cedes
650 1239 2675 1351 et trucidacio quorum a se defeccionem nedum ferro aut mucrone sed nec aliquo
665 1284 2583 1397 levi verbo aut memoria ullo umquam tempore se juramento Corporali et litteris
664 1335 2575 1475 repromiserunt per fedus ultimo cum illis ictum et quod solo execrando
663 1386 2566 1526 scelere publice violarunt mulctaturos Quo non contenti mercatorem
652 1438 2611 1568 Vitum Moszier ex eo quod navigiis per flumen Wisla in Cracoviam merces
678 1485 2596 1613 devexerat capitali dampnaverunt sentencia Ne memorabilis sui facti exemplum
693 1539 2630 1674 ceteros in sequelam similem traheret sed pocius sewa mulctacio quoslibet
689 1595 2633 1738 deterrendo profectum Regni nostri aboleret hiis itaque et pluribus aliis eviden
698 1655 2583 1802 tibus legittimisque respectibus persuasi admoniti et nr inducti comunicato
684 1708 2579 1860 cum principibus prelatis Baronibus Ceterisque fidelibus Regnorum du
683 1764 2645 1902 catuum et dominiorum nostrorum consilio ac de eorum ex expressa voluntate approba
682 1815 2567 1967 cione et gratificacione et consensu ne divine voluntati que herditatem nostram
685 1873 2619 2041 occupacione illicita solvendam nobisque reddendam pia miseracione censuit videa
694 1929 2637 2081 mur resistere et Calamitosis aflictisque subditis nostris opem nostram implorantibus
692 1980 2624 2141 deesse veritique ne dominia sortes et Terras hereditates nostras ill alius
702 2037 2575 2182 illicitas occupator tirannusque ex quo nobis hostilitas major insurgeret
702 2085 2546 2223 invadat Ad honorem omnipotentis Dei ejusque genitricis Virginis
695 2146 2610 2295 Marie Sancti Adalberti Martiris Sancti Stanislai Prothomartiris Polonie
698 2191 2624 2352 ac Tocius jerarchie celestis prefatorum militatum Civium prelatorum spiritualium et secularus->ium Terrigenarum
699 2267 2609 2408 et omnium Incolarum terrarum Prussie Chulmensis Pomeranie et Micha
694 2317 2597 2455 loviensis In Terra marique sitarum benivolam et spontaneam dedicionem re
670 2380 2664 2525 gimen Tutelam gubernacionem subjecionem obedienciam accepimus assumpsimus
706 2430 2643 2588 tenoreque presencium non per errorem aut improvide sed de Certa nostra sciencia
705 2490 2588 2615 et voluntate in Dei nomine assumimus et acceptamus Terrasque et do
703 2546 2600 2684 minia predicta Regno Polonie reintegramus reunimus invisceramus et
705 2602 2579 2737 incorporamus et ad usum participacionem omnium honorum jurium libertatum
704 2656 2601 2799 et prerogativarum quibus prelati Barones et milites Nobiles Regni Po
701 2712 2522 2840 lonie actenus potiti sunt et signanter ad futurorum Regum Polonie
696 2770 2540 2909 quocienscumque super illorum elleccione et Coronacione fieri deliberacionem
719 2840 2603 2962 contingat Eleccionem et Coronacionem admittimus annectimus in et In
707 2891 2612 3036 cludimus promittentes pro nobis heredibus et successoribus nostris ac universo
687 2939 2648 3090 Regno Polonie quod predictas Terras et dominia atque prelatos barones
719 3002 2659 3122 et militares Nobiles Cives Oppidanos et cujuscumque condicionis status
694 3073 2695 3194 vel preeminencie homines existant actenus in illis commorantes et imposterum
714 3128 2658 3262 commoraturos favore gracia et benivolencia et affecione Regali prosequemur
