2916 3742
388 349 2346 457 Ne alere oriens incendium videremur verum cum temporis processu differencia
399 414 2334 528 parcium adeo crescendo invalesceret Ut militares Terrigene et Cives Terrarum
448 477 2349 583 predictarum spe extremo destituti et Iniuriarum magnitudine pressi violentis
443 532 2327 624 dominis jura et privilegia atque immunitates eorum pro libito frangentibus
453 586 2398 683 nullatenus sibi decerto parendum duxerint sed legibus divinis et humanis
441 645 2367 739 innixi que injustis dominis scelus et nephas agentibus nullatenus parendum
433 714 2388 791 decerniunt obediencia et subjeccione magistro et ordini subtracta Nos quoque
430 768 2453 875 per Magnificos et spectabiles milites prudentesque viros Johannem de Baysen
442 833 2445 928 Augustinum de Schewe Gabrielem de Baysen Nicolaum de Wolkowo judi
446 898 2484 1004 cem Drschoviensem Laurencium Czeitcz Chulmensem Rhutigerum de Birken Tho
453 965 2574 1081 runiensem Laurencium Pilgrim Elbingensem preconsules Johannem Call Brunsp...
424 1024 2416 1122 Gregorium Swach Krolawgrodensem Nicolaum Rodeman de Knipow Vilhel...
427 1095 2361 1178 Jordan militem et Johannem Meydburg Gdanensem Consules Ambasiatores
432 1152 2461 1253 et nuncios suos cum pleno mandato et legacione ad Nos transmissos novis
444 1209 2442 1311 Legacionibus et precibus sollicitarent Quatenus non jam tantum eorum defensioni
432 1277 2460 1376 quantum gubernacioni et regimini insistere dedicionemque eorum subjecionem fidelitatem
447 1341 2470 1441 et perpetuam obedienciam quam nobis suo et omnium militarium Terrigenarum
459 1403 2532 1501 civium et Incolarum universitatis tocius Terrarum predictarum nominibus obtulerunt
463 1461 2500 1578 suscipere velut legittimus justus et verus dominus et heres Terrarum predictarum
458 1533 2436 1627 ac Terras prefatas ad naturam et sortem suam redeuntes Regno Polonie
449 1601 2497 1690 a Cujus corpore nova et recenti memoria contra jus phasque sequestrate
434 1662 2430 1775 fuerant incorporare inviscerare reunire apropriare atque consociare et consolidare
444 1729 2456 1831 dignaremur alterius principatum et dedicionem si regimen si imperium
423 1796 2427 1905 non tam per eos nobis delatum quam redditum abici contingent quesituri
438 1861 2414 1967 Nos superiora cogitacione et animo revolventes tempora quibus nonnulle ex terris
450 1924 2477 2032 predictis per Reges et principes Polonie jure legittimo et hereditario
464 1987 2501 2103 posesse Tandem predecessori nostro Wladislao Regi Polonie Bello cum finitimis
468 2056 2500 2166 et infidelibus occupato vi et armis per magistrum et ordinem Prussie abstracte
453 2112 2455 2239 nunquam juris et proprietatis Regni nostri Polonie esse desierant quemadmodum
448 2184 2432 2298 aliquot Sedis Appostolice delegatorum Terras ipsas Regno Polonie adjudi
449 2241 2521 2364 cancium diffinitive sentencie inefabili concludunt argumento Revolventes insuper
456 2311 2435 2420 Magistrum et ordinem Prussie et predecessoribus condam nostris Polonie principibus
448 2380 2444 2482 et dominis ad impugnacionem infidelium accersitum institutum et dotatum
449 2433 2494 2538 magis fidelium et presertim eorum principum quorum beneficio instituti dotatique
454 2510 2552 2601 erant quam barbarorum et infidelium impugnacioni contra quos se indefesse
446 2572 2457 2665 militaturos patentibus litteris astrinxerant vacavisse Terrasque eorum
416 2626 2459 2732 usurpasse nec juxta professionem religionis sue contra infideles Tharta
445 2687 2435 2783 ros aut Thurcos catholica Regna et dominia infestantes quamvis eorum
450 2750 2462 2866 crebro expetitum fuisset auxilium militasse sed et insuper Reges Polonie
436 2810 2492 2912 cum Thartaris aliisque infidelibus bella gerentes a tergo invasos a gerendo
440 2872 2459 2998 bello in presens et posterum cum infidelibus avertisse et suspicionem belli
421 2947 2438 3041 ab illis imminentis veritos potenciis distractis et contra illorum insi
425 3006 2408 3094 dias relictis vacare infidelium impugnacioni nullatenus sicut expediebat
415 3065 2440 3180 Christiane fidei potuisse Quam insuper fragili et fluxa fide erga cla
444 3131 2509 3247 rissimum genitorem nostrum dominum Wladislaum Polonie Regem fuerunt Quater
