2916 3742
590 758 2598 963 In nomine Domini Amen Ad perpetuam rei memoriam Nos Kazimirus Dei gracia
645 905 2610 1017 Rex Polonie necnon Cracovie Sandomirie Siradie Lancicie Cuyavie Ma
638 954 2642 1072 Magnus dux Lithwanie Russie Prussieque Chulmensis Kinsbergensis Elbin
662 1014 2480 1106 gensis et Pomeranie dominus et heres Terrarum dominus et heres
578 991 2611 1170 In nomine Domini Amen Ad perpetuam rei memoriam Nos Kazimirus Dei gracia Rex
626 1123 2650 1246 Polonie necnon Terrarum Cracovie Sandomirie Siradie Lancicie Cuyavie
668 1181 2597 1278 Magnus dux Lithwanie Pomeranie Russie Prussieque dominus et heres
642 1244 2621 1342 Benignitas Regalis excellencie nostre quam alli propicia inspirat divinitas
690 1300 2633 1391 et naturalis originalisque prestat instinctus Et si universos justum presidium
683 1347 2593 1447 nostrum et tutelam expetentes in sinum miseracionis et proteccionis suscipit ad
681 1406 2637 1504 illorum tamen profectus defensionem et comoda inclinatur uberius qui erga
644 1454 2651 1550 nos et Regnum nostrum tam fervido cordis feruntur affectu ut calamitates
683 1516 2618 1613 oppressionesque suas hactenus illis regencium tirannide multipharie
678 1559 2601 1679 illatas non per alterius qui nisi per nostram dexteram credant facilius
683 1617 2673 1738 rescindi nec cujuspiam Throno quam nostro a quo priscis temporibus illicita alie
684 1679 2613 1787 nacione exciderant justius posse et regi et contineri non tam superbo
670 1734 2598 1857 et avaro quam injusto renunciando imperio Talium siquidem firma constancia
674 1795 2664 1929 fidesque sincera non solum dignis laudum preconiis attolli verum ecciam
665 1856 2644 1974 Regalum meretur et debet beneficiis compensari Significamus itaque universis
667 1911 2647 2053 tam presentibus quam futuris qualiter et si Magnificorum strennuorum No
689 1955 2679 2113 bilium et prudencium militarium videlicet Terrigenarum Civium et universe
677 2002 2622 2138 communitatis Terrarum Prussie Chelmensis Pomeranie et Michaloviensis
673 2077 2669 2206 Crebris precibus et legacionibus superioribus temporibus fuissemus rogati quatenus
685 2127 2701 2276 Ipsos in eorum juribus libertatibus immunitatibus et privilegiis et signanter
699 2186 2564 2318 in unione et liga per ipsos rite et sincee inita et condita per
701 2236 2676 2378 Magistrumque et ordinem Prussie admissa ad cujus violacionem Magister
695 2297 2639 2415 et ordo variis viis coloribus et violenciis hactenus usus est
683 2359 2640 2506 In quorum firmitate vel collapsu fedus pacis perpetuo Cum magistro et
709 2419 2666 2554 ordine Cruciferorum Sancte Marie in Prussia per germanum nostrum
713 2479 2651 2615 dive memorie serenissimum principem dominum Wladislaum Hungarie et
719 2549 2618 2687 Polonie Regem firmatum subsitencia dependet vel ruina et
748 2612 2654 2760 quod prefatus magistro et ordo liga et unione eorum demolita dirumpere
722 2655 2621 2808 novaque bella nobis et Regno nostro inferre destinabant ipsos
717 2731 2682 2894 que militares et Cives Injusta secum gerere bella impellebant ma
734 2799 2674 2941 nutenere et defensare dignaremur asserentes se jugum oppresionum
703 2860 2618 2982 Calamitatum et gravaminum hactenus a magistro et ordine cervi
710 2914 2663 3058 cibus eorum violenta tirannide invexum et prefate lige et unio
728 2979 2641 3115 nis rupturam nullatenus nisi provisio nostra qui ordinis illius
722 3045 2649 3192 fundator dotator et patronus sumus celeriter intervenerit tollera
723 3110 2685 3234 turos Nos tamen nullum eorum calamitati prestandum censuimus suffra
716 3193 2644 3339 gium sed parti utraque reconciliacioni persuasimus esse insistendum
