2625 3500
290 576 2301 765 Ipsorum dictorum Theloneorum ut nullus ipsorum Thelonea a rebus ipsorum dictarum duntaxat
394 672 1984 759 Theloneorum a piscibus quos de eorum piscibus piscinis non precio arendatis
403 730 1973 828 vel emptis conduxerint vel vendiderint solvere non debebunt nec sint
398 774 1970 882 astricti Removentes et auferentes omnem daciam qua abolim de piscibus
385 831 2033 939 nobilium terrigenarum tollebatur aut et exigebatut Insuper Statuimus ut kmetones
391 887 1925 979 dum accusantur de furtis per Capitaneum aut eorum officiales sine voluntate
395 932 1932 1056 heredum non captiventur sed ut in aliis terris Regni nostri practicatur et est
410 999 1929 1104 consvetum ita ita observari de eiisdem volumus decernimus etiam quod omnes et
412 1076 2043 1159 singuli mercatores viis solitis et consvetis cum eorum bonis et mercanciis
411 1128 1920 1209 deambulent nec Illorum bona quisquam ad vias insolitas divertere
412 1187 1926 1277 audeat quovismodo cogat Insuper statuimus ut quicunque terrigena instituit
411 1243 1988 1324 nowa thelonea sine nostra aut predecessorum nostrorum voluntate et auctoritate
416 1294 1944 1408 ipso facto bona sua perpetua ommissione et perdicione ommittet Quosquidem
413 1354 1953 1469 articulos suprascriptos firmiter et inviolabiliter observare et tenere promittimus
416 1401 1919 1519 et pollicemur presencium per tenorem et Sigīllo nostre majestatis quod primum
419 1463 2015 1569 sculptum et elaboratum fuerit communire et sigillare Incujus rei testimonium
387 1519 1965 1632 Actum in Convencione Nowe Civitatis feria sexta post Undecim Milium Virginum
403 1572 995 1655 Anno Domini millesimo quadringentesimo quinquagesimo sexto
1202 1601 1983 1700 Relacio venerabilis Johannis vicecancellarii
