2597 3500
530 250 2366 556 Privilegium Terris Russie in Convencione
711 447 2274 582 Nowe Civitatis alias Korczyn datum et concessum
516 617 2133 862 IN Nomine Domini Amen Ad perpetuam rei memoriam Nos Kazimirus Dei gracia Rex
675 738 2060 793 Polonie necnon Terrarum Cracovie Sandomirie Siradie Lancicie Cuyavie
663 774 2221 856 Magnus dux Lithwanie Pomeranie Russie Prussieque dominus et heres etc Significamus
671 829 2226 914 tenore presencium quibus expedit universis presentibus et futuris harum noticiam habituris
660 891 2212 981 Quomodo recensentes et in animo revolventes quanta puritatis affeccione et fidei integre
669 957 2210 1030 constancia prelati Comites Barones Milites et nobiles spirituales et Secu
662 1005 2200 1082 lares terrarum Russie sincere nobis dilectique fideles personam nostram venerati sunt atque
669 1052 2165 1132 dilexerunt Ea propter duximus in ipsos Incolas terrarum Russie oculos pietatis nostre aperire Et
662 1118 2176 1190 eis graciam hanc quam actu et opere veluti athlete fideles contra tyrannidem
674 1158 2148 1235 infidelium Tartarorum dietenus pugnando comprobaverunt et exhibuerunt
671 1215 2199 1312 sinceritatis constancia uti decet et gratitudine compensare ut Ex certa nostra sciencia
687 1267 2145 1343 et de consilis nostrorum Consiliatorum ipsis prelatis Baronibus militibus et
672 1324 2180 1404 nobilibus terrarum Russie Leopoliensis omnia jura privilegia litteras et muni
681 1369 2216 1462 menta que a dive incipere habere Regibus et principibus Polonie predecesso
684 1447 2227 1523 ribus nostris Regni Polonie veris legittimis heredibus super quibuscunque bonis
684 1497 2209 1582 et libertatibus habere dinoscuntur rite juste et legittime in vita ipsorum emanatas
681 1557 2188 1644 et quas hic habere volumus proinsertis in eorum omnibus punctis condicionibus
687 1601 2202 1699 clausulis Capitulis et articulis universis approbamus innovamus gratificamus
681 1657 2178 1750 et confirmamus perpetuis temporibus et eviternis duraturas Sed quia nonnulla
656 1707 2181 1810 jura predecessorum nostrorum sunt dimitamque pro conservacione ipsaque terarum indigent
674 1763 2166 1863 reformacione ac addicione Ideo articulos infrascriptos presentibus duximus
671 1829 2228 1918 confirmandes approbandos et ratificandos presentibus duximus confirmandos
681 1881 2190 1983 approbandos et ratificandos In primis quod in rebus negociisque con
681 1934 2299 2030 cernunt et tangunt terras Russie nichil faciamus nisi consiliariorum ejusdem eorumdem
687 1994 2138 2095 terrarum consilio comunitato et accepto et hac temporum qualitate et
681 2048 2159 2147 necessitate exigentibus preterea dum se nobis feliciter transitus per
660 2108 2180 2207 Terras Russie obtulerit non faciemus nec comittemus causis per aliquos
650 2167 2239 2258 judices aut Terrigenas forenses seu extraneos alterius Terre judicare
695 2232 2224 2325 Sed solum per judices et officiales illorum Terrarum prout in aliis terris
669 2285 2388 2387 Regni nostri tempore nostri Adventus consvetum et solitum est fieri et observari
696 2326 2242 2421 circa talia judicia judicandas committemus Causas em vero pendentes indecisas
680 2396 2238 2491 nobis de ipsas terras recedentibus dignitariis et judicibus terrarum ipsarum commitemus
675 2452 2178 2540 in mandatis terminandas et decidendas ubi causa vertetur secundum aliarum
719 2520 2208 2605 terrarum Regni nostri ut prefertur consvetudinem et observanciam Insuper
711 2587 2185 2681 Statuimus quod kmetones Terrigenarum per Capitaneos ac alios officiales
714 2644 2144 2736 ipsorum violenter non recipiantur in servitutem vulgariter inordinice
726 2701 2245 2808 hoc expresso nisi prius villicus alias Cywan ... seu Watman cum omnibus
725 2770 2160 2871 kmetonibus possessionatis super eo inaruerint quod sit de eorum genere
743 2849 2199 2938 et servitute et quod ignoraverunt eum per tantum tempus per quod defuit
713 2914 2226 3001 preterea eximimus et liberamus omnes et singulos nobiles et Terrigenas
753 2980 2199 3077 a solucione Theloneorum ut nullus ipsorum Thelonea a rebus
