1766 2445
277 315 1544 379 damentum quod dicitur de incorruptibulitate vniuersalium scilicet ꝙ vniuersalia sunt
273 367 1523 427 incorruptibilia pro quanto stant in lumine cause prime. Unde in proponendo istam ꝓ
281 413 1538 475 positionem specialem modum seruat q~ʒ in alijs. In proponendo enim propositionem in
281 463 1538 523 tendit talem rationem. Omnis substantia stans per essentiam suam non est generata ex
282 507 1536 572 alia re. Sed substantie vnite intellectuales sunt stantes per essentiam suam: ergo substan
282 556 1536 621 tie vnite intellectuales non sunt generate ex re alia. De hac autem ratione in sua propo-
286 604 1542 670 sitione primo ponite co~clusionem: ⁊ secu~do maiorem: ⁊ tacet minorem ⁊ ait. Substantie
282 664 770 719 vnite. ⁊ cetera. Co~clusio videatur.
281 736 1547 806 ꝙ si aliquis dicat possibile est vt sit generata ex alia re. Dicemus si
279 831 1556 892 possibile est vt substantia per se stans per essentiam suam sit genera-
289 929 1549 988 ta ex re alia. proculdubio est substantia illa diminuta indige~s vt co~-
298 1017 890 1080 pleatur ad id ex quo generatur.
298 1090 1560 1148 Proposita propositione declarat eam. Circa quod quatuor facit. Quia primo premit-
293 1138 1555 1200 tit quandam veritatem. Secundo ex veritate premissa ex qua probat minorem preceden
301 1186 1553 1247 tis rationis declarat intentum. Tertio remouet quandam cauillationem: siue respondet
311 1234 1555 1294 cuidam tacite questioni. Quarto ⁊ vltimo epilogat. Partes patebunt. Prima au~t pars
309 1282 1561 1343 sic continuatur. Bene dictum est ꝙ substantie vnite intellectuales non sunt generate ex
309 1331 1559 1392 re alia. Quia omnis talis substantia est stans per suam essentiam: ergo non est genera-
315 1378 1559 1439 ta ex re alia: quia si quis dicat possibile est ꝙ substantia stans per essentiam suam genere
315 1426 1559 1487 retur ex re alia. Sequitur hoc inconueniens ꝙ idem esset diminutum ⁊ indigens ⁊ no~ in
313 1473 1559 1535 digens ⁊ ita non diminutum quod est impossibile. Quia implicatio contradictio~is. Se
313 1523 1563 1584 quela probatur. Quia bene sequitur ex vna parte substantia est stans per essentiam suam
311 1569 1563 1631 ergo stat in esse suo perfecto: siue in forma ad formationem sui non indigente re aliqua:
309 1616 1565 1680 ita ꝙ ipsa est causa sue formationis ⁊ esse ex his que habet inter seipsam quare est integra
305 1664 1569 1729 semper stans in sua essentia. Et ex alia parte sequitur est generata ex alia re ergo habet es
308 1715 1573 1775 se diminutum eo ꝙ per se ad actum duci non potest ⁊ ita est indigens generante: ⁊ ita pa
305 1780 470 1829 tet sequela.
307 1846 1581 1922 Et signatio illius est generatio ip~a. quod est quia generatio non est
311 1933 1587 2007 nisi via a diminutione ad complementum. Nam si inuenitur res no~
