1759 2445
733 232 987 294 Folio. liij.
195 319 1477 365 do vnum ⁊ idem agens est in diuersis rebus. ⁊ vnaqueqʒ recipit de illo scd'm modum sue
202 367 1472 413 potentie tunc est vniformitas ex parte agentis ⁊ difformitas ex parte recipietium. Sed
199 415 1471 462 sic est in prima causa ⁊ respectu rerum productarum. ergo et cetera. Maiorem ponit in
212 451 308 506 litera.
205 538 1474 600 ꝙ est quia ex rebus sunt ⁊ que recipiunt receptio~e vnica causaʒ pri
203 621 1477 689 mam ⁊ ex eis sunt que recipiunt receptione multiplicata eaʒ ⁊ ex eis
206 708 1471 778 unt que recipiunt eam receptione eterna. ⁊ ex eis quedam sunt que
208 799 1473 865 recipiunt eam receptione temporali. Et exeis sunt que recipiunt re-
215 895 1495 961 ceptione spirituali. Et ex eis sunt que recipiunt receptione corpo-
218 979 300 1036 rali.
222 1071 1489 1118 Declarat in speciali propositionem propositam quomodo sit diuersitas ex parte recipi-
226 1120 1485 1167 entis. Circa quod tria facit. Quia primo facit quod dictum est. scilicet quia ex rebus su~t
225 1169 1481 1219 quedam que recipiunt causam primam acceptione vna. Ut patet hoc clare ⁊ sufficienter
214 1218 348 1254 in textu.
226 1289 1481 1355 Et diuersitas quidem receptionis non fit ex prima causa. sed propt^
215 1377 1503 1442 recipiens. ꝙ est quia suscipiens diuersificatur. propter id ergo su-
229 1473 1490 1535 sceptum diuersificatur. Influens ergo existens vnum non diuersuʒ
226 1559 1489 1626 influit super omnes res bonitates equaliter. Bonitas nanqʒ influit
229 1649 1484 1717 super omnes res ex causa prima equaliter. Res ergo sunt causa di-
229 1738 1505 1805 uersitatis influxionis ⁊ bonitatis super res. Proculdubio ergo no~
229 1828 1208 1898 inueniuntur omnes res in primo per modum vnum.
1329 1979 1421 2043 i iiij
