1863 2506
236 328 635 366 Sequitur conclusio
693 324 1312 359 Ergo perfecta dei opera pro-
233 386 1315 421 pter nos facta licet possunt secundum quid impediri. non
222 424 1298 496 tamen simpliciter omnino frustrari. Patet et si oportet
233 500 1298 548 gracie frustretur in reprobis hoc supplebitur per divi
226 565 1281 613 nam iusticiam malum hoc penaliter reformantem et tur
226 627 1274 658 pitudo culpe reformabitur per pulcritudinem iusticie.
246 689 1278 720 Una pars. Universe vie domini misericordia et veritas
236 737 1291 785 Principaliter via est sue misericordie et bonitatis que
212 812 1284 847 si impedimentum quod habuerit erit ex nostra malicia que
229 854 1291 912 suggestione demonis in nobis efficitur sed per divi-
229 919 1278 971 nam iusticiam reparatur. Si igitur quibusdam di
226 991 1302 1029 vina bonitas impeditur hoc tamen impedimentum divi
226 1043 1298 1077 na iusticia reparat et in bonum ordinem reducit. Dixi
229 1094 1295 1139 ergo bene que omnino non frustratur quod fieret si ordo di
233 1153 1284 1194 vine bonitatis a deo institutus quo vidit deus cuncta
229 1204 1278 1259 que fecerat et erant valde bona que destitueretur. Sed hic
240 1273 1281 1311 ordo perseverat licet in quibusdam liberum arbitrium
240 1328 1302 1386 habentibus hoc bonum quo ad eos impeditur ne in
215 1386 1295 1445 seipsis participetur tamen non omnino frustratur dummo-
222 1445 1284 1496 do iniquitas talium iuste corrigitur. et voluntaria ma
215 1500 1284 1555 licia coactione pene involuntarie per divinam iusticiam re
246 1569 1295 1610 formatur. ut sic nullum bonum est irremuneratum
236 1627 1295 1661 sic nullum malum maneatur impunitum A quo nos
240 1672 1284 1734 punitionis malo preservet nos deus ut cum electis semper
212 1737 628 1782 feliciter gaudeamus.
325 1809 1322 1857 Explicit determinatio eximii et disertissimi do
360 1868 1305 1902 ctoris sacre theologie magistri Iohannis de
353 1916 1288 1954 Mechilinia habita in universitate Coloniensi
350 1981 985 2026 in scolis artistarum in quolibet.
