2863 3689
338 255 2268 394 mellificiis gaiis fluviis lacubus piscinis piscat ...
361 326 2394 458 decursibus molendinis et emolumentis ac unversis attinen...
381 390 2416 547 ad prememoratum vastitatem Jacznysczam quidlibet spectantibus et p...
375 469 2401 625 per ipsos Stanko et Iwanko et eorum successores seu heredes habendum
402 537 2437 667 tenendum utifruendum pacifice et quiete possidendum vendendum commutandum obligandum
393 604 2364 743 alienandum et in usus ipsorum beneplacitos convertendum temporibus perpetuis
377 676 2403 810 et eviternis racione cuius donacionis prememorati Stanko et Iwanko
387 741 2462 924 eorumque successores seu heredes in Jacznyscza ad mandatum capi
387 815 2429 932 taneorum nostrorum Leopoliensium ad granicies regni seu terrarum
396 876 2424 1034 eiusdem et extra in custodiam contra Tartharos semper et pro omni
390 933 2463 1104 tempore debent equitari et in custodia huiusmodi operosam et p...
404 1001 2464 1183 facere diligenciam sine negligencia et excusacoione aliquali tociens quociens
389 1067 2403 1243 necessitas postulaverit ad cuiusmodi servicium ipsos et eorum
402 1145 2391 1322 successores seu herdes in Jacznyscza perpresentes obligamus harum
414 1202 2405 1382 quibus sigillum nostrum presentibus est subappensum testimonio litterarum actum
340 1285 2387 1486 in Dobrestany loco nostrarum venacionum feria sexta infra
399 1367 2417 1515 octavas Nativitatis Gloriosissime Virginis Marie anno Domini
350 1420 2453 1596 millesimo quadringentesimo quinquagesimo primo presentibus ibidem generosis et strenuis Johanne
356 1503 2378 1685 Curopathwa de Laczuchowo succamerario Lublinensi Nicolao de
351 1584 2454 1750 Chranscow tribuno Cracoviensi Johanne Kyansky venatori Lublinensi
378 1659 2384 1843 Egidio de Suchodol Petro Donyn de Prawkovicze et aliis
387 1731 2477 1934 familiaribus nostris fidedignis circa premissa datum per manus
332 1801 2427 2006 magnificorum Johannis de Conyeczpole et Petri de Sczekoczini
341 1872 2103 2085 vicecancellarii regni Polonie sincere nobis dilectorum
1416 2007 2448 2122 ad relationem strenui Beyzath ...
1439 2076 2417 2213 rissimi domini regie curie m...
