2863 3689
1183 1579 2007 1735 Donacio perpetua Jaczniscza
583 1633 2525 1893 In nomine Domini Amen nos Kazimirus Dei gracia rex Polonie nec non
639 1741 2559 1863 terrarum Cracovie Sandomirie Siradie Lancicie Cuyawie ac magnus
630 1809 2524 1934 dux Lithwanie Pomeranie Russieque dominus et heres ad perpetuam
614 1868 2525 1997 rei memoriam significamus tenore presencium quibus expedit universis presentibus
601 1938 2499 2052 et futuris presencium noticiam habituris quomodo de nobilium Stanko
621 2018 2492 2121 et Iwanko Davidovycz fidelitate et serviciorum constancia quibus
616 2079 2547 2203 agente in humanis magnifico olim Petro Odrowansch de Spro
576 2144 2507 2273 wa pallatinus Russie in custodiam contra Thartharos Crucis Christi
596 2213 2514 2353 et nostros ac regni nostri inmicos se operosos diligentes ac per
582 2290 2505 2417 vigiles custodes exhibuerunt per generosum Andream Odro
569 2357 2523 2513 vansch de Sprowa capitaneum Leopoliensem informati volentes eosdem
621 2442 2453 2553 Stanko et Iwanko ad huiusmodi servicia nobis et regno nostro
605 2516 2482 2651 opportuna facere paratos et obligatos ipsis vastitatem nostram
621 2597 2475 2728 Iaczniscza vocatam et in districtu Leopoliensi sitam in qua
626 2676 2460 2791 hactenus se locare in nova radice inceperunt per longe
626 2748 2493 2885 late et circumferencialiter prout ex antiquo signis aut sco
588 2814 2560 2922 pulis ab aliis hereditatibus et villis est distincta et
621 2880 2519 3021 limitata damus donamus et largimur donacione perpetua per
619 2953 2466 3095 presentes cum omnibus et singulis utilitatibus fructibus censibus
590 3034 2391 3195 proventibus agris pratis campis pascuis silvis borris
