1734 2674
714 205 1520 250 Liber Secundus
548 264 1648 319 diffinitionem dicentem quid. sed per definitionem dicentem propter quid Eclipsis enim
550 307 1648 364 non demonstratur de luna per privationem luminis in luna. sed per interposi
548 348 1652 407 tionem terre inter solem et lunam. ¶ Sequitur correlarie que privatio luminis
546 390 1654 451 in luna est definitio eclipsis quid tamen. sed interpositio dyametrialiter terre
544 435 1650 495 inter solem et lunam est definitio eclipsis propter quid. Secundo aristo. probat
552 475 1656 539 que definitio passionis dicens tamen quid. est conclusio demonstrationis probat hoc sic tonitru
550 520 1656 582 enim habet tres definitiones. scilicet primam dicentem propter quid solum ut extinctio ignis in
546 564 1646 625 nube. secundam dicentem. quid tamen. ut sonus factus in nubibus. et tertiam dicentem
546 609 1644 669 quid et proper quid similis ut sonus factus in nubibus propter extinctionem ignis.
558 652 1652 713 ¶ Sequitur correlarie. Definitio dicens propter quid non est conclusio demonstrationis
546 694 1654 756 et est principium demonstrationis. Modo idem non est principium et concludio. Nec etiam
546 737 1648 800 definitio dicens quid ex propter quid. talis enim est tota demonstratio sola ordinatione
546 780 1650 843 terminorum differens. Concluditur ergo que demonstratio dicens quid tamen. est bene
544 823 1646 886 demonstrationis conclusio. ¶ Sequitur correlarie secundo que aristotiles dicens in
550 866 1652 930 textu que definitio passionis est indemonstrabilis non debet simplicter intelligi. et de-
544 913 1644 973 monstratur per definitionem subiecti. sed hoc debet intelligi que est indemonstrabilis scilicet
548 952 1654 1017 per definitionem que dicit quid est tamen. Definitio enim dicens propter quid demonstrat definitionem di
539 1022 1073 1056 centem quid tamen sed non econtra.
552 1081 1649 1150 Notandum secundo Pro intelli-
546 1135 1654 1201 gentia huius questionis mote de materia presentis questionis quatuor inve-
542 1179 1648 1246 niuntur positiones phisicorum quid scilicet sit medium in demonstratione potissima. Pri-
542 1225 1646 1289 ma positio est Egidii Romani heremite ordinis sancti augustini que te-
546 1267 1642 1332 net que in demonstratione potissima medium debet esse definitio passionis et non subiecti
546 1309 1642 1376 Et probat hoc primo sic. Demonstrationes mathematice sunt certissime et ma
538 1351 1646 1420 xime fatientes scire. ut dictum est in primo huius. sed scientie mathematice de
544 1395 1650 1465 monstrant per definitionem passionis et non subiecti. igitur. Minor probatur de ecli-
542 1439 1644 1508 psi que cum demonstratur de luna non accipitur definitio lune. sed definitio eclipsis pro me-
540 1478 1654 1552 dio. scilicet interpositio terre inter solem et lunam. Unde et aristotiles dixit in
534 1524 1650 1596 textu que in demonstratione potissima debet accipi definitio primi termini. Constat
544 1565 1646 1639 autem que primus terminus in demonstratione est passio. et non subiectum. Subiun-
540 1611 1640 1682 git. Egidius definitio etiam subiecti potest esse medium demonstrationis potissime inquan
538 1651 1650 1726 tum includit definitionem passionis. patet de definitione subiecti cuius una pars est essenti
542 1694 1646 1770 alis. et alia est passio subiecti. Unde circulus diffinitur per figuram planam una
538 1740 1644 1814 linea contenta equalis distantie a centro. prima pars diffinitionis circuli scilicet
538 1782 1644 1859 una linea contenta est definitio essentialis circuli. si enim una pars plus distat
540 1824 1644 1903 a centro quam alia non dicitur plana. Equalitas autem distantie a centro est passio
530 1870 1639 1947 circuli. Tertio dicit Egidius definitio subiecti vel aliquid loco eius. debet ingre-
538 1915 1638 1994 di demonstrationem potissimam. non tanquam medium. sed tanquam annexum me-
