1716 2644
64 147 1157 244 Posteriorum Fo. CLXXXIII
61 230 1155 336 rum autem quedam genere sunt eadem quecunque habent doctrinas exquo aliorum
62 323 1159 435 aut aliter sunt ut propter quid echon aut propter quid forma apparet
75 424 1169 531 et propter quid iris. omnia enim hec unum propositum sunt qenere. omnia
63 518 1163 627 enim repercussio sunt sed spetie altera Alia autem exeo que medium qui-
71 617 1167 723 dem sub alterum differunt propositorum ut propter quid nilus fi
69 716 1163 821 niente mense magis fluit propter id que vernior est finis men
71 816 1171 917 sis propter quid autem est vernior finis mensis. propter id que luna
75 908 1167 1009 deficit. hec quidem primum sic se habent adinvicem. De cau-
69 1002 1173 1107 sa autem et cuius est causa dubitabit aliquid nunquid est cum
83 1101 1175 1204 causatum est et causa est. ut si folia fluunt aut deficit luna. et
71 1189 1171 1296 causa deficiendi et folia cadendi erunt ut si huius est lata habere fo-
73 1285 1181 1393 lia. deficiendi autem terram esse in medio Si enim non alia aliqua erit
81 1384 1177 1489 tam ipsorum sive cum causa sit similis et causatum est. ut si in medio est terra
81 1471 1171 1581 deficit aut si latum folium est folia fluunt. si autem sic est simul itaque erunt.
79 1569 1183 1680 Etsi demonstrentur per altera. sic enim folium fluere in quo a. la-
75 1658 1185 1772 tum autem folium in quo b. vitis vero in quo est c. si autem in b est a omne
81 1756 1185 1870 enim latum folium fluit. in c. autem b. omnis vitis est habens latum fo-
81 1851 1183 1971 lium in c igitur a. omnis enim vitis folio fluit. causa autem est. b.
1053 1945 1169 1979 KKk ii
