1715 2631
701 162 1529 238 Liber Secundus
556 226 1646 331 dinata. ut si queritur propter quid nilus fluit magis et inundat in fi-
554 273 1648 376 ne mensis. Respondetur que tunc mensis est magis pluviosus modo in-
558 315 1648 420 undatio fit ex pluviis huic questioni subordinatur alia questio propter
558 355 1651 464 quid mensis in fine est plus pluviosus. Respondetur que tunc deficit
556 404 1643 508 luna. Pro quo notandum ut astrologi et maxime Albumasar dicit que
560 450 1643 552 ante finem mensis sole existente in oppositione cum luna. elevantur vapo
560 491 1646 597 res qui partim resolvuntur et partim rarefiunt ex caliditate solis. cum
556 530 1656 640 autem luna deficit sol est in coniunctione eius. calor propter presentiam lune que
554 573 1656 684 naturaliter est frigida versus solem impeditur ne possit consumere vapores ele
560 615 1656 728 vatos et sic propter frigiditatem lune vapores condensantur et grave fiunt
562 660 1656 770 ex quibus generantur nubes et pluvie facientes nilum abundare et
553 769 791 810 magis fluere.
562 781 1658 901 Notandum est tertio Aristoti-
562 845 1652 955 les consequenter ostendit in textu quando causa et effectus se consequuntur
558 889 1660 999 et quando non. et ostendit primo que effectus habens plures causas eque pri-
564 929 1656 1043 mo non convertitur cum una illarum sed cum ambabus ut vituperabile proce-
568 974 1656 1087 dit ex abundantia et defectu tanquam ex causis suis eque primo. et non
570 1013 1662 1131 prius ex una quam ex alia. et non convertitur cum aliqua illarum et licet bene
566 1055 1658 1175 sequitur iste est abundans et prodigus ergo est vituperabilis. tamen non se-
574 1098 1660 1218 quitur iste est vituperabilis ergo est abundans sic etiam bene sequitur iste
572 1145 1654 1259 est deficiens in liberalitate ut avarus ergo est vituperabilis. tamen non
566 1185 1660 1302 sequitur iste est vituperabilis ergo est deficiens vel abundans. Sic si-
566 1227 1662 1346 militer habere longam vitam est effectus duarum causarum. eque primo scilicet
570 1268 1662 1389 non habere coleram in quadrupedibus. et e sicce nature in volatibus
582 1311 1660 1434 ex illo tamen effectu non sequitur aliqua istarum causarum licet sequitur
566 1353 1667 1479 ex qualibet illarum ut bene sequitur hoc non habet coleram in quadrupedi-
572 1396 1668 1524 bus ergo est longe vite ut in cervo et habens siccitatem in substantia est longe
570 1439 1667 1566 vite ut in accipitre tamen non sequitur econverso divisim est longa vita er
568 1484 1664 1612 go caret colera nec sequitur est longa vita ergo habet siccitatem in natura.
570 1524 1670 1654 sed bene sequitur est longa vita ergo est carentia colere. vel siccitas in
570 1566 1671 1699 substantia. Secundo aristotiles ostendit que causa et effectus seinvicem infe-
574 1610 1672 1742 runt. similiter universaliter et adequate sumuntur. ut interpositio terre inter solem et
574 1651 1671 1787 lunam et eclipsis se inferunt et unum sequitur ad aliud. similiter folio fluere et
574 1696 1661 1833 humorem esse depressatum in arbore in certo genere plantarum ut in vite vel
576 1741 1660 1876 alia certa planta. quando enim advenit frigus tempore autumni tunc humor que fu-
578 1789 1665 1921 it in foliis condensatur propter frigus et pellitur versus radicem et postquam
583 1911 1295 1960 humor derelinquit folia tunc folia cadunt.
580 1942 1609 2058 Notandum est quarto et ul-
