<?xml version="1.0" encoding="UTF-8" standalone="yes"?>
<PcGts xmlns="http://schema.primaresearch.org/PAGE/gts/pagecontent/2013-07-15" xmlns:xsi="http://www.w3.org/2001/XMLSchema-instance" xsi:schemaLocation="http://schema.primaresearch.org/PAGE/gts/pagecontent/2013-07-15 http://schema.primaresearch.org/PAGE/gts/pagecontent/2013-07-15/pagecontent.xsd">
    <Metadata>
        <Creator>prov=University of Rostock/Institute of Mathematics/CITlab|PLANET AI GmbH/Tobias Gruening/tobias.gruening@planet-ai.de:name=/net_tf/LA73_249_0mod360.pb:de.uros.citlab.segmentation.CITlab_LA_ML:v=2.6.7
Transkribus</Creator>
        <Created>2022-09-28T22:29:27.042+02:00</Created>
        <LastChange>2023-02-01T12:11:57.611+01:00</LastChange>
        <TranskribusMetadata docId="1288213" pageId="51494410" pageNr="1" tsid="112609820" status="IN_PROGRESS" userId="110750" imgUrl="https://files.transkribus.eu/Get?id=NDMYPPDDTDEAQVBJZDFFQPNU&amp;fileType=view" xmlUrl="https://files.transkribus.eu/Get?id=DUPDCFWOJTVPZYKCRICTKRWM" imageId="39085748"/>
    </Metadata>
    <Page imageFilename="PL_1_4_1-10_0059v.jpg" imageWidth="2863" imageHeight="3689">
        <ReadingOrder>
            <OrderedGroup id="ro_1681816254493" caption="Regions reading order">
                <RegionRefIndexed index="0" regionRef="r2"/>
            </OrderedGroup>
        </ReadingOrder>
        <TextRegion orientation="0.0" id="r2" custom="readingOrder {index:0;}">
            <Coords points="599,251 599,3254 2717,3245 2717,242"/>
            <TextLine id="line_1664397687918_310" custom="readingOrder {index:0;}">
                <Coords points="841,219 883,209 1073,190 1245,229 1374,243 1555,276 1779,268 1875,248 2148,269 2397,292 2480,263 2683,287 2694,380 2688,405 2433,383 2393,418 2378,372 2146,372 1867,364 1754,370 1743,405 1722,405 1696,362 1528,362 1363,372 1342,392 1289,390 1264,352 1214,361 1143,390 1074,366 891,370 852,349"/>
                <Baseline points="852,344 879,346 907,347 934,350 962,350 989,349 1017,347 1137,332 1214,335 1292,336 1370,338 1448,340 1526,342 1604,344 1681,345 1759,347 1837,348 1915,350 1993,351 2071,353 2149,354 2226,357 2304,359 2382,362 2460,364 2538,367 2616,371 2694,375"/>
                <TextEquiv>
                    <Unicode>Littera Juris Theutunici pro Nicolao vicecapitaneo Cracoviensi</Unicode>
                </TextEquiv>
            </TextLine>
            <TextLine id="r2l6" custom="readingOrder {index:1;}">
                <Coords points="564,199 804,205 864,218 855,272 880,364 913,389 880,444 884,508 957,541 974,620 1068,618 1163,617 1258,617 1295,527 1444,501 1539,501 1585,532 1636,618 1730,620 1665,518 1738,518 1805,523 1825,623 1894,616 1923,584 2023,561 2092,586 2108,630 2205,622 2300,625 2392,641 2486,644 2581,648 2579,698 2484,694 2390,691 2295,686 2201,683 2107,680 2011,685 1918,674 1824,673 1729,670 1635,668 1537,680 1448,687 1352,667 1219,699 1163,667 1069,668 978,689 880,673 786,695 546,689"/>
                <Baseline points="692,675 786,671 880,668 975,665 1069,663 1163,662 1258,662 1352,662 1446,662 1541,662 1635,663 1729,665 1824,668 1918,669 2012,672 2107,675 2201,678 2295,681 2390,686 2484,689 2579,693"/>
                <TextEquiv>
                    <Unicode>Kazimirus Dei gracia Rex Polonie Necnon Terrarum Cracovie Sando</Unicode>
                </TextEquiv>
            </TextLine>
            <TextLine id="r2l7" custom="readingOrder {index:2;}">
                <Coords points="719,740 811,737 904,736 996,734 1089,734 1182,733 1274,733 1367,731 1459,731 1552,731 1612,732 1635,759 1645,733 1737,733 1830,734 1922,734 1939,756 1987,756 2015,736 2108,737 2200,739 2293,742 2331,748 2385,743 2478,746 2571,749 2571,716 2478,713 2385,710 2332,700 2293,709 2276,694 2200,706 2121,694 2108,704 2015,703 1922,701 1830,701 1737,700 1645,700 1552,698 1502,704 1477,679 1410,684 1367,698 1274,700 1182,700 1089,701 1028,680 996,701 934,693 904,703 850,695 811,704 719,707"/>
                <Baseline points="719,729 811,726 904,725 996,723 1089,723 1182,722 1274,722 1367,720 1459,720 1552,720 1645,722 1737,722 1830,723 1922,723 2015,725 2108,726 2200,728 2293,731 2385,732 2478,735 2571,738"/>
                <TextEquiv>
                    <Unicode>mirie Siradie Lancicie Cujavie Dobrinie Pomoranie magnus dux Lithwanie et</Unicode>
                </TextEquiv>
            </TextLine>
            <TextLine id="r2l8" custom="readingOrder {index:3;}">
                <Coords points="701,805 810,801 896,822 994,798 1092,810 1177,795 1269,793 1360,779 1452,790 1544,790 1633,803 1731,808 1819,789 1911,790 2002,790 2085,807 2186,793 2270,807 2369,808 2461,811 2553,804 2553,765 2461,762 2369,759 2277,756 2186,754 2094,753 2002,751 1911,751 1819,750 1727,750 1636,750 1544,751 1452,751 1360,753 1269,754 1177,756 1085,757 1017,734 902,760 816,748 702,746"/>
                <Baseline points="719,791 810,788 902,786 994,785 1085,783 1177,782 1269,780 1360,779 1452,777 1544,777 1636,776 1727,776 1819,776 1911,777 2002,777 2094,779 2186,780 2277,782 2369,785 2461,788 2553,791"/>
                <TextEquiv>
                    <Unicode>heres Russie Ad perpetuam rei memoriam Significamus tenore presencium quibus expedit</Unicode>
                </TextEquiv>
            </TextLine>
            <TextLine id="r2l9" custom="readingOrder {index:4;} unclear {offset:63; length:7;}">
                <Coords points="666,879 777,860 833,872 869,860 903,872 961,859 1052,858 1144,857 1236,856 1327,856 1419,856 1424,884 1447,859 1511,854 1603,854 1641,855 1657,882 1694,854 1786,854 1878,854 1969,854 2061,854 2102,880 2153,854 2244,856 2291,872 2336,856 2428,857 2542,858 2542,816 2428,815 2336,814 2244,814 2153,812 2061,812 1969,812 1947,800 1878,812 1860,802 1786,812 1694,812 1603,812 1533,784 1495,788 1484,802 1413,805 1364,786 1321,805 1261,800 1236,814 1144,815 1052,816 1001,794 961,817 869,818 814,808 777,818 686,820"/>
                <Baseline points="686,848 777,846 869,846 961,845 1052,844 1144,843 1236,842 1327,842 1419,842 1511,840 1603,840 1694,840 1786,840 1878,840 1969,840 2061,840 2153,840 2244,842 2336,842 2428,843 2520,843"/>
                <TextEquiv>
                    <Unicode>universis presenciam noticiam habituris presentibus et futuris Quoniam ad instantes peticiones</Unicode>
                </TextEquiv>
            </TextLine>
            <TextLine id="r2l10" custom="readingOrder {index:5;}">
                <Coords points="703,929 824,947 902,923 990,920 1079,919 1166,935 1255,914 1344,914 1432,913 1520,913 1549,901 1573,896 1590,896 1609,913 1697,912 1785,911 1849,924 1873,913 1962,913 2050,913 2138,913 2180,925 2227,913 2315,913 2403,913 2426,943 2459,911 2513,913 2513,871 2461,851 2403,871 2362,859 2315,871 2286,880 2227,871 2138,871 2092,880 2050,871 1962,871 1873,871 1785,869 1759,857 1697,870 1610,864 1521,864 1432,871 1344,872 1255,872 1167,874 1079,874 990,875 902,881 805,870 703,887"/>
                <Baseline points="609,852 697,849 785,846 873,843 962,842 1050,839 1138,837 1227,837 1315,836 1403,836 1492,836 1580,835 1668,834 1756,836 1845,836 1933,836 2021,836 2110,836 2198,836 2286,836 2375,836"/>
                <TextEquiv>
                    <Unicode>Generosi Nicolai vicecapitanei Cracoviensi de Mlodoczin et in antiqua villa sit</Unicode>
                </TextEquiv>
            </TextLine>
            <TextLine id="r2l11" custom="readingOrder {index:6;}">
                <Coords points="720,992 811,989 819,1011 845,990 902,986 993,983 1006,983 1026,1011 1042,987 1085,981 1176,979 1181,1009 1202,987 1267,977 1290,1004 1325,982 1359,975 1397,973 1426,1002 1450,973 1544,980 1636,978 1724,971 1815,970 1906,970 1998,970 2089,970 2180,971 2272,971 2363,973 2454,974 2564,976 2564,933 2534,915 2454,931 2363,930 2272,928 2180,928 2119,916 2089,927 1998,927 1906,927 1815,927 1765,920 1724,928 1633,928 1617,906 1542,910 1531,924 1449,918 1359,932 1267,934 1176,936 1085,938 1042,930 993,940 902,943 815,959 811,946 720,949"/>
                <Baseline points="720,978 811,975 902,972 993,969 1085,967 1176,965 1267,963 1359,961 1450,959 1541,959 1633,957 1724,957 1815,956 1906,956 1998,956 2089,956 2180,957 2272,957 2363,959 2454,960 2546,962"/>
                <TextEquiv>
                    <Unicode>nucupata ad sortem seu partem suaviliter quam in dictis villis talem et talium villa</Unicode>
                </TextEquiv>
            </TextLine>
            <TextLine id="r2l12" custom="readingOrder {index:7;} unclear {offset:0; length:5;}">
                <Coords points="731,1042 833,1045 838,1075 860,1051 923,1045 952,1046 958,1075 981,1052 1013,1045 1103,1044 1114,1073 1168,1073 1193,1043 1283,1042 1330,1042 1349,1085 1373,1041 1463,1039 1553,1038 1560,1045 1643,1036 1733,1035 1823,1033 1913,1032 1991,1051 2093,1030 2158,1029 2178,1055 2200,1055 2222,1041 2236,1029 2273,1030 2363,1032 2397,1036 2411,1070 2453,1033 2571,1036 2571,996 2453,993 2448,973 2398,973 2363,992 2273,990 2183,990 2091,975 2003,990 1914,972 1859,983 1823,993 1733,995 1697,990 1643,996 1553,998 1463,999 1414,1004 1373,984 1368,983 1334,999 1283,1002 1193,1003 1103,1004 1094,988 1074,1003 1042,1003 1013,1005 983,1007 936,1011 904,987 883,997 859,1006 833,1005 814,1016 797,1001 774,987 731,1002"/>
                <Baseline points="743,1031 833,1032 923,1032 1013,1032 1103,1031 1193,1030 1283,1029 1373,1028 1463,1026 1553,1025 1643,1023 1733,1022 1823,1020 1913,1019 2003,1017 2093,1017 2183,1017 2273,1017 2363,1019 2453,1020 2544,1023"/>
                <TextEquiv>
                    <Unicode>...um ipsius parcium pro ut in suis metis et Graniciis longe late que et circumferencialiter</Unicode>
                </TextEquiv>
            </TextLine>
            <TextLine id="r2l13" custom="readingOrder {index:8;}">
                <Coords points="723,1108 764,1110 784,1148 813,1108 904,1108 961,1120 995,1107 1086,1107 1177,1107 1232,1104 1266,1126 1325,1132 1358,1105 1449,1104 1540,1102 1631,1102 1722,1101 1742,1109 1816,1120 1904,1099 1994,1098 2085,1096 2180,1109 2271,1108 2358,1095 2377,1111 2409,1097 2449,1093 2561,1120 2574,1052 2449,1053 2426,1066 2358,1055 2267,1055 2261,1033 2223,1043 2176,1056 2085,1056 1994,1058 1904,1059 1813,1060 1764,1048 1722,1061 1631,1062 1540,1062 1449,1064 1414,1055 1358,1065 1268,1065 1177,1067 1086,1067 995,1067 904,1068 813,1068 737,1053 723,1068"/>
                <Baseline points="723,1095 813,1095 904,1095 995,1094 1086,1094 1177,1094 1268,1092 1358,1092 1449,1091 1540,1089 1631,1089 1722,1088 1813,1087 1904,1086 1994,1085 2085,1083 2176,1083 2267,1082 2358,1082 2449,1080 2540,1079"/>
                <TextEquiv>
                    <Unicode>distincte extiterint et super alias omnes et singulas villas et hereditates quas ex</Unicode>
                </TextEquiv>
            </TextLine>
            <TextLine id="r2l14" custom="readingOrder {index:9;} textStyle {offset:68; length:1;strikethrough:true;}">
                <Coords points="723,1198 819,1198 909,1178 999,1178 1089,1176 1179,1175 1269,1175 1310,1191 1359,1173 1449,1172 1469,1190 1539,1172 1630,1170 1666,1185 1720,1169 1810,1167 1900,1166 1990,1166 2080,1164 2170,1163 2260,1161 2285,1170 2350,1168 2440,1159 2460,1188 2494,1163 2531,1158 2531,1113 2479,1098 2440,1114 2350,1115 2260,1116 2170,1118 2080,1119 1990,1121 1916,1107 1876,1107 1810,1122 1778,1124 1747,1106 1720,1124 1630,1125 1555,1098 1539,1127 1449,1127 1359,1128 1268,1125 1179,1130 1089,1131 999,1133 909,1133 819,1134 723,1134"/>
                <Baseline points="729,1164 819,1164 909,1163 999,1163 1089,1161 1179,1160 1269,1160 1359,1158 1449,1157 1539,1157 1630,1155 1720,1154 1810,1152 1900,1151 1990,1151 2080,1149 2170,1148 2260,1146 2350,1145 2440,1144 2531,1143"/>
                <TextEquiv>
                    <Unicode>post per humanam industriam potiter acquirere et habere tum omnibus I et sin</Unicode>
                </TextEquiv>
            </TextLine>
            <TextLine id="r2l15" custom="readingOrder {index:10;}">
                <Coords points="702,1256 818,1255 882,1267 911,1242 1003,1241 1096,1239 1188,1238 1264,1234 1279,1259 1298,1259 1325,1233 1373,1233 1466,1232 1538,1218 1558,1235 1597,1225 1651,1229 1744,1227 1836,1227 1929,1226 1979,1250 2021,1225 2061,1234 2080,1255 2114,1224 2206,1224 2299,1224 2335,1229 2356,1259 2391,1224 2484,1224 2592,1237 2605,1198 2591,1169 2484,1179 2448,1184 2393,1164 2299,1179 2206,1179 2114,1179 2021,1180 2012,1164 1954,1157 1929,1181 1836,1182 1744,1182 1651,1184 1558,1185 1466,1187 1373,1188 1281,1191 1188,1193 1106,1175 1003,1196 914,1188 862,1203 818,1199 702,1200"/>
                <Baseline points="726,1230 818,1229 911,1227 1003,1226 1096,1224 1188,1223 1281,1221 1373,1218 1466,1217 1558,1215 1651,1214 1744,1212 1836,1212 1929,1211 2021,1210 2114,1209 2206,1209 2299,1209 2391,1209 2484,1209 2577,1211"/>
                <TextEquiv>
                    <Unicode>gulis suis attinemciis appendiis et pertinenciis universis pro ut in suis metis</Unicode>
                </TextEquiv>
            </TextLine>
            <TextLine id="r2l16" custom="readingOrder {index:11;}">
                <Coords points="723,1311 728,1340 813,1309 904,1307 995,1305 1086,1302 1176,1301 1225,1301 1251,1330 1267,1299 1358,1297 1449,1295 1473,1313 1539,1293 1630,1292 1721,1292 1812,1290 1830,1315 1860,1288 1902,1290 1993,1290 2084,1290 2175,1292 2265,1293 2356,1295 2447,1298 2538,1301 2538,1256 2519,1224 2447,1253 2356,1250 2274,1223 2265,1248 2175,1247 2084,1245 1993,1245 1902,1245 1812,1245 1721,1247 1715,1230 1630,1247 1541,1230 1539,1248 1449,1250 1358,1252 1297,1264 1267,1254 1209,1242 1176,1256 1086,1257 995,1260 934,1253 904,1262 877,1273 813,1264 757,1250 723,1266"/>
                <Baseline points="723,1296 813,1294 904,1292 995,1290 1086,1287 1176,1286 1267,1284 1358,1282 1449,1280 1539,1278 1630,1277 1721,1277 1812,1275 1902,1275 1993,1275 2084,1275 2175,1277 2265,1278 2356,1280 2447,1283 2538,1286"/>
                <TextEquiv>
                    <Unicode>fuerint limitata et distincta ex nunc de jure Polonico in jus Theutunicum</Unicode>
                </TextEquiv>
            </TextLine>
            <TextLine id="r2l17" custom="readingOrder {index:12;}">
                <Coords points="730,1390 817,1372 909,1380 1000,1377 1092,1366 1184,1363 1275,1360 1299,1377 1367,1359 1459,1356 1550,1354 1642,1352 1727,1365 1734,1351 1825,1350 1917,1350 2000,1365 2009,1350 2100,1351 2192,1354 2200,1383 2284,1357 2375,1362 2467,1366 2471,1387 2559,1374 2559,1334 2467,1326 2375,1322 2284,1317 2228,1303 2192,1314 2160,1304 2100,1311 2009,1310 1944,1298 1917,1310 1825,1310 1751,1290 1734,1311 1642,1312 1550,1314 1459,1316 1367,1319 1275,1320 1184,1323 1107,1312 1059,1306 1033,1308 1000,1328 908,1317 817,1322 726,1334"/>
                <Baseline points="726,1361 817,1359 909,1358 1000,1355 1092,1353 1184,1350 1275,1347 1367,1346 1459,1343 1550,1341 1642,1339 1734,1338 1825,1337 1917,1337 2009,1337 2100,1338 2192,1341 2284,1344 2375,1349 2467,1353 2559,1361"/>
                <TextEquiv>
                    <Unicode>quod Srzedensem dicitur que alie ville et hereditates in Regno nostro sibi vicine gau</Unicode>
                </TextEquiv>
            </TextLine>
            <TextLine id="r2l18" custom="readingOrder {index:13;}">
                <Coords points="729,1428 822,1431 916,1432 931,1456 967,1436 1009,1432 1103,1432 1158,1431 1183,1455 1224,1450 1231,1435 1290,1428 1357,1426 1386,1451 1420,1451 1442,1439 1462,1439 1478,1423 1571,1420 1591,1415 1665,1417 1758,1416 1852,1414 1946,1413 2039,1413 2133,1417 2175,1424 2227,1420 2320,1420 2396,1425 2403,1435 2414,1426 2513,1434 2513,1394 2422,1375 2307,1363 2227,1377 2206,1386 2184,1367 2141,1356 2032,1349 1946,1373 1868,1357 1759,1357 1665,1377 1571,1380 1478,1383 1384,1386 1290,1388 1254,1387 1227,1367 1189,1360 1147,1363 1103,1392 1009,1392 945,1383 916,1392 822,1391 729,1388"/>
                <Baseline points="729,1415 822,1418 916,1419 1009,1419 1103,1419 1197,1418 1290,1415 1384,1413 1478,1410 1571,1407 1665,1404 1758,1403 1852,1401 1946,1400 2039,1400 2133,1401 2227,1404 2320,1407 2414,1413 2508,1421"/>
                <TextEquiv>
                    <Unicode>dent et fruuntur transferimus perpetuo duraturum Romonen̄ ibidem omnia jura</Unicode>
                </TextEquiv>
            </TextLine>
            <TextLine id="r2l19" custom="readingOrder {index:14;}">
                <Coords points="738,1497 739,1544 773,1498 829,1500 920,1502 1011,1502 1102,1502 1194,1501 1271,1510 1285,1500 1298,1523 1322,1494 1376,1497 1467,1496 1558,1493 1650,1491 1675,1490 1690,1524 1707,1510 1719,1490 1741,1488 1829,1508 1923,1485 1941,1513 1977,1483 2014,1484 2078,1493 2106,1484 2197,1485 2288,1487 2379,1490 2398,1490 2407,1528 2440,1489 2470,1493 2565,1529 2584,1501 2584,1456 2553,1436 2472,1429 2470,1448 2401,1441 2373,1414 2288,1442 2236,1430 2157,1426 2106,1439 2014,1439 1994,1422 1923,1440 1832,1442 1741,1443 1717,1422 1685,1441 1650,1446 1635,1446 1616,1417 1577,1415 1558,1448 1467,1451 1376,1452 1314,1447 1285,1455 1194,1456 1102,1457 1092,1450 1011,1457 962,1460 932,1450 920,1457 829,1455 738,1452"/>
                <Baseline points="738,1482 829,1485 920,1487 1011,1487 1102,1487 1194,1486 1285,1485 1376,1482 1467,1481 1558,1478 1650,1476 1741,1473 1832,1472 1923,1470 2014,1469 2106,1469 2197,1470 2288,1472 2379,1475 2470,1478 2562,1485"/>
                <TextEquiv>
                    <Unicode>Polonicalia modos et consvetudines universas que ipsum jus Theutunicum plerumque</Unicode>
                </TextEquiv>
            </TextLine>
            <TextLine id="r2l20" custom="readingOrder {index:15;}">
                <Coords points="737,1565 784,1566 817,1592 826,1566 916,1568 1006,1568 1096,1566 1112,1600 1142,1563 1186,1566 1222,1568 1246,1597 1276,1565 1365,1562 1396,1581 1455,1560 1545,1559 1635,1556 1725,1554 1797,1571 1815,1553 1905,1551 1994,1550 2040,1579 2084,1550 2174,1550 2264,1551 2354,1553 2444,1556 2534,1559 2534,1514 2446,1494 2444,1511 2405,1530 2401,1508 2381,1499 2354,1508 2264,1506 2260,1486 2229,1491 2174,1505 2084,1505 1994,1505 1949,1518 1905,1506 1815,1508 1725,1509 1711,1505 1701,1509 1686,1518 1635,1511 1545,1514 1524,1502 1455,1515 1365,1517 1276,1520 1274,1509 1186,1521 1137,1505 1096,1521 1038,1523 994,1496 964,1507 957,1525 916,1523 828,1509 737,1520"/>
                <Baseline points="737,1550 826,1551 916,1553 1006,1553 1096,1551 1186,1551 1276,1550 1365,1547 1455,1545 1545,1544 1635,1541 1725,1539 1815,1538 1905,1536 1994,1535 2084,1535 2174,1535 2264,1536 2354,1538 2444,1541 2534,1544"/>
                <TextEquiv>
                    <Unicode>consvevuerunt et solita sunt perturbare Eximimus et perpetuo liberamus kme</Unicode>
                </TextEquiv>
            </TextLine>
            <TextLine id="r2l21" custom="readingOrder {index:16;} unclear {offset:66; length:10;}">
                <Coords points="720,1640 811,1637 903,1634 995,1632 1087,1631 1179,1628 1195,1638 1270,1626 1362,1625 1454,1625 1546,1623 1638,1623 1729,1622 1821,1622 1913,1622 1982,1628 2005,1622 2097,1622 2188,1622 2280,1623 2316,1636 2372,1623 2464,1625 2593,1624 2593,1579 2521,1562 2464,1580 2372,1578 2290,1553 2265,1574 2188,1577 2097,1577 2005,1577 1913,1577 1880,1564 1821,1577 1767,1560 1729,1577 1638,1578 1583,1565 1546,1578 1454,1580 1426,1564 1407,1580 1362,1580 1270,1581 1179,1583 1114,1593 1087,1586 995,1587 903,1589 811,1592 720,1595"/>
                <Baseline points="720,1625 811,1622 903,1619 995,1617 1087,1616 1179,1613 1270,1611 1362,1610 1454,1610 1546,1608 1638,1608 1729,1607 1821,1607 1913,1607 2005,1607 2097,1607 2188,1607 2280,1608 2372,1608 2464,1610 2556,1610"/>
                <TextEquiv>
                    <Unicode>thones et omnes Incolas dictatum villarum Mlodoczin et in antiqua ullathenus</Unicode>
                </TextEquiv>
            </TextLine>
            <TextLine id="r2l22" custom="readingOrder {index:17;}">
                <Coords points="719,1697 826,1706 879,1695 915,1703 1003,1690 1092,1689 1181,1687 1269,1686 1358,1684 1447,1684 1501,1700 1535,1683 1624,1683 1651,1703 1665,1686 1713,1683 1801,1683 1890,1683 1979,1683 2067,1683 2156,1684 2245,1684 2339,1703 2424,1709 2464,1702 2487,1702 2511,1687 2511,1647 2484,1636 2424,1642 2333,1646 2243,1632 2156,1644 2067,1643 1977,1622 1890,1643 1803,1633 1713,1643 1666,1623 1624,1643 1609,1634 1535,1643 1447,1644 1358,1644 1295,1629 1269,1646 1181,1647 1092,1649 1003,1650 915,1653 826,1656 719,1657"/>
                <Baseline points="738,1686 826,1683 915,1680 1003,1677 1092,1676 1181,1674 1269,1673 1358,1671 1447,1671 1535,1670 1624,1670 1713,1670 1801,1670 1890,1670 1979,1670 2067,1670 2156,1671 2245,1671 2333,1673 2422,1673 2511,1674"/>
                <TextEquiv>
                    <Unicode>nucupata jacenta in terra Sandomiriensi et districtu Radomiensi et alios ex post per</Unicode>
                </TextEquiv>
            </TextLine>
            <TextLine id="r2l23" custom="readingOrder {index:18;}">
                <Coords points="737,1756 739,1773 827,1756 914,1771 918,1756 1008,1754 1099,1754 1136,1756 1153,1770 1190,1753 1202,1770 1257,1778 1280,1753 1371,1751 1424,1765 1461,1750 1487,1775 1513,1755 1552,1750 1643,1748 1680,1749 1703,1778 1733,1748 1824,1748 1914,1748 1918,1771 1944,1746 2005,1748 2096,1750 2186,1751 2277,1753 2367,1756 2462,1776 2549,1763 2594,1705 2542,1702 2459,1709 2367,1714 2290,1695 2277,1711 2185,1696 2096,1708 2005,1706 1933,1690 1914,1706 1824,1706 1810,1682 1733,1706 1643,1706 1552,1708 1499,1700 1461,1708 1371,1709 1280,1711 1203,1690 1190,1711 1174,1696 1099,1712 1052,1701 1008,1712 918,1714 880,1693 827,1714 737,1714"/>
                <Baseline points="737,1742 827,1742 918,1742 1008,1740 1099,1740 1190,1739 1280,1739 1371,1737 1461,1736 1552,1736 1643,1734 1733,1734 1824,1734 1914,1734 2005,1734 2096,1736 2186,1737 2277,1739 2367,1742 2458,1746 2549,1749"/>
                <TextEquiv>
                    <Unicode>quemcunque modum a supre fato acquisiti tam presentes et futuros ab omni jurisdiccione</Unicode>
                </TextEquiv>
            </TextLine>
            <TextLine id="r2l24" custom="readingOrder {index:19;}">
                <Coords points="728,1817 779,1814 806,1835 817,1817 907,1818 997,1818 1087,1818 1117,1837 1149,1820 1177,1817 1267,1815 1305,1815 1334,1842 1356,1814 1446,1814 1536,1812 1626,1811 1716,1811 1721,1829 1806,1809 1847,1809 1880,1832 1896,1809 1947,1815 1968,1833 1985,1810 2075,1811 2165,1812 2184,1834 2255,1815 2345,1819 2435,1824 2455,1840 2525,1830 2525,1785 2468,1785 2435,1779 2385,1761 2345,1774 2255,1770 2212,1758 2165,1767 2074,1751 1985,1765 1924,1776 1896,1764 1835,1749 1806,1764 1716,1766 1626,1766 1577,1756 1536,1767 1446,1769 1356,1769 1280,1756 1267,1770 1261,1784 1199,1775 1177,1772 1153,1781 1087,1773 1073,1759 979,1761 907,1773 855,1754 817,1772 728,1772"/>
                <Baseline points="728,1802 817,1802 907,1803 997,1803 1087,1803 1177,1802 1267,1800 1356,1799 1446,1799 1536,1797 1626,1796 1716,1796 1806,1794 1896,1794 1985,1795 2075,1796 2165,1797 2255,1800 2345,1804 2435,1809 2525,1815"/>
                <TextEquiv>
                    <Unicode>et potestate omni Regni nostri palatinorum Castrorum Capitaneorum dignitariorum judi</Unicode>
                </TextEquiv>
            </TextLine>
            <TextLine id="r2l25" custom="readingOrder {index:20;}">
                <Coords points="743,1880 830,1880 918,1879 1005,1879 1093,1879 1180,1879 1268,1879 1341,1899 1355,1879 1443,1879 1448,1906 1479,1893 1497,1877 1530,1879 1618,1880 1705,1880 1775,1879 1792,1911 1816,1882 1880,1880 1968,1882 2055,1882 2143,1882 2230,1883 2318,1883 2405,1885 2493,1885 2493,1842 2405,1842 2318,1840 2230,1840 2143,1839 2106,1828 2055,1839 1965,1828 1880,1837 1813,1830 1793,1837 1705,1837 1618,1837 1592,1813 1572,1807 1545,1818 1530,1836 1492,1817 1453,1819 1443,1836 1355,1836 1329,1844 1295,1828 1268,1836 1180,1836 1093,1836 1082,1814 1055,1815 1041,1839 1005,1836 935,1827 918,1836 865,1830 830,1837 743,1837"/>
                <Baseline points="743,1866 830,1866 918,1865 1005,1865 1093,1865 1180,1865 1268,1865 1355,1865 1443,1865 1530,1865 1618,1866 1705,1866 1793,1866 1880,1866 1968,1868 2055,1868 2143,1868 2230,1869 2318,1869 2405,1871 2493,1871"/>
                <TextEquiv>
                    <Unicode>cum Subjudicum ceterorumque Officialium et ministerialium eorundem ut coram</Unicode>
                </TextEquiv>
            </TextLine>
            <TextLine id="r2l26" custom="readingOrder {index:21;}">
                <Coords points="731,1943 760,1964 779,1945 822,1942 913,1940 999,1955 1096,1939 1188,1939 1228,1953 1243,1940 1279,1939 1328,1944 1348,1957 1370,1939 1462,1940 1553,1940 1580,1952 1605,1940 1645,1942 1736,1942 1799,1954 1847,1959 1919,1943 2010,1943 2051,1941 2070,1967 2102,1943 2193,1942 2284,1941 2301,1959 2331,1943 2376,1940 2459,1958 2482,1941 2573,1936 2573,1893 2467,1894 2376,1897 2284,1898 2193,1899 2102,1900 2032,1891 1993,1884 1919,1900 1827,1899 1797,1914 1736,1899 1645,1899 1582,1885 1553,1897 1483,1890 1462,1897 1457,1908 1370,1896 1279,1896 1188,1896 1096,1896 1005,1896 913,1897 822,1899 804,1882 731,1900"/>
                <Baseline points="731,1929 822,1928 913,1926 1005,1925 1096,1925 1188,1925 1279,1925 1370,1925 1462,1926 1553,1926 1645,1928 1736,1928 1827,1928 1919,1929 2010,1929 2102,1929 2193,1928 2284,1927 2376,1926 2467,1923 2559,1922"/>
                <TextEquiv>
                    <Unicode>ipsis aut ipsorum aliquo pro Causis tam magnis quam parvis puta furti</Unicode>
                </TextEquiv>
            </TextLine>
            <TextLine id="r2l27" custom="readingOrder {index:22;}">
                <Coords points="673,2002 797,2000 891,1999 985,1999 1079,1997 1173,1997 1266,1997 1289,2002 1306,2028 1325,2003 1360,1999 1399,2001 1430,2017 1454,1999 1548,2000 1557,2030 1580,2000 1642,2002 1735,2002 1776,2010 1829,2003 1923,2003 2017,2005 2132,2013 2225,2013 2232,2003 2249,2028 2285,2027 2298,2005 2361,2025 2392,2003 2486,2003 2580,2000 2580,1957 2486,1960 2392,1960 2327,1949 2298,1962 2291,1948 2262,1948 2246,1958 2204,1962 2111,1962 2080,1966 2073,1961 2050,1954 2017,1962 1923,1960 1829,1960 1795,1962 1735,1959 1642,1959 1595,1958 1594,1947 1570,1945 1548,1957 1513,1948 1454,1956 1360,1956 1266,1954 1256,1943 1225,1957 1173,1954 1079,1954 985,1956 891,1956 797,1957 673,1959"/>
                <Baseline points="704,1989 797,1986 891,1985 985,1985 1079,1983 1173,1983 1266,1983 1360,1985 1444,1940 1538,1941 1642,1988 1735,1988 1829,1989 1923,1989 1880,1979 1974,1979 2204,1991 2298,1991 2392,1989 2486,1989 2580,1986"/>
                <TextEquiv>
                    <Unicode>Incendii mutillacione seu quibusuis aliis enormibus excessibus citati mi</Unicode>
                </TextEquiv>
            </TextLine>
            <TextLine id="r2l28" custom="readingOrder {index:23;}">
                <Coords points="737,2066 825,2064 914,2063 1002,2063 1091,2063 1180,2063 1268,2063 1307,2075 1357,2063 1409,2070 1433,2081 1446,2064 1534,2065 1571,2060 1583,2082 1600,2094 1623,2066 1712,2067 1800,2069 1889,2069 1978,2070 2013,2076 2028,2098 2066,2072 2155,2073 2244,2075 2332,2076 2421,2078 2510,2078 2510,2033 2421,2033 2332,2031 2244,2030 2154,2019 2066,2027 2055,2019 1978,2025 1967,2014 1889,2024 1868,2013 1800,2024 1714,2009 1624,2010 1602,2022 1565,2031 1534,2020 1446,2019 1357,2018 1268,2018 1180,2018 1091,2018 1002,2018 931,2000 894,2015 825,2019 737,2021"/>
                <Baseline points="737,2051 825,2049 914,2048 1002,2048 1091,2048 1180,2048 1268,2048 1357,2048 1446,2049 1534,2050 1623,2051 1712,2052 1800,2054 1889,2054 1978,2055 2066,2057 2155,2058 2244,2060 2332,2061 2421,2063 2510,2063"/>
                <TextEquiv>
                    <Unicode>nime respondebunt nec aliquas penas solvere tenebuntur sed kmethones et</Unicode>
                </TextEquiv>
            </TextLine>
            <TextLine id="r2l30" custom="readingOrder {index:24;}">
                <Coords points="716,2128 755,2140 805,2126 895,2126 984,2125 1074,2125 1163,2125 1253,2126 1342,2126 1359,2152 1386,2155 1407,2145 1432,2126 1521,2128 1611,2129 1701,2129 1790,2131 1880,2132 1969,2134 2059,2135 2083,2165 2148,2137 2199,2142 2222,2164 2238,2138 2284,2142 2319,2166 2341,2145 2417,2141 2471,2164 2507,2141 2507,2098 2417,2098 2327,2097 2238,2095 2148,2094 2105,2082 2059,2092 2027,2097 1969,2091 1880,2065 1790,2064 1701,2086 1611,2086 1521,2085 1469,2074 1432,2083 1342,2083 1329,2069 1306,2069 1285,2086 1253,2083 1163,2082 1074,2082 984,2082 895,2083 805,2083 716,2085"/>
                <Baseline points="716,2114 805,2112 895,2112 984,2111 1074,2111 1163,2111 1253,2112 1342,2112 1432,2112 1521,2114 1611,2115 1701,2115 1790,2117 1880,2118 1969,2120 2059,2121 2148,2123 2238,2124 2327,2126 2417,2127 2507,2127"/>
                <TextEquiv>
                    <Unicode>Incole dictarum villarum parcium memorate coram advocato suo qui pro tempore</Unicode>
                </TextEquiv>
            </TextLine>
            <TextLine id="r2l31" custom="readingOrder {index:25;}">
                <Coords points="731,2192 739,2225 762,2192 819,2191 908,2189 997,2188 1085,2188 1174,2188 1263,2188 1351,2188 1440,2188 1529,2188 1618,2189 1698,2206 1706,2191 1795,2191 1884,2192 1972,2194 2061,2195 2150,2197 2238,2198 2261,2209 2287,2200 2327,2201 2416,2203 2526,2205 2526,2162 2515,2146 2487,2152 2466,2167 2416,2160 2333,2154 2314,2170 2238,2155 2150,2154 2061,2152 1972,2151 1884,2149 1795,2148 1711,2138 1695,2144 1618,2146 1529,2145 1440,2145 1351,2145 1263,2145 1182,2126 1152,2138 1085,2145 997,2145 930,2134 908,2146 832,2145 807,2135 731,2149"/>
                <Baseline points="1043,2146 1131,2145 1220,2143 1309,2142 1397,2142 1486,2142 1575,2142 1865,2109 1954,2109 1841,2142 1930,2143 2018,2145 2107,2145 2196,2146 2284,2148 2373,2149 2462,2151 2550,2152 2639,2155 2728,2157 2817,2158"/>
                <TextEquiv>
                    <Unicode>fuerit advocatus vero coram nobis aut predicto Nicolao vicecapitaneo Cracoviensi</Unicode>
                </TextEquiv>
            </TextLine>
            <TextLine id="r2l32" custom="readingOrder {index:26;}">
                <Coords points="744,2257 834,2255 924,2254 1014,2254 1105,2252 1155,2253 1196,2270 1235,2248 1285,2251 1329,2283 1368,2285 1380,2270 1443,2285 1471,2257 1556,2251 1598,2282 1646,2251 1736,2252 1827,2252 1917,2254 2007,2254 2018,2268 2058,2267 2097,2255 2110,2272 2141,2257 2188,2257 2281,2271 2368,2261 2458,2263 2478,2276 2507,2260 2549,2266 2549,2223 2495,2209 2458,2220 2446,2206 2368,2218 2301,2201 2274,2207 2188,2214 2132,2199 2097,2212 2095,2188 2033,2193 2007,2211 1964,2190 1917,2211 1827,2209 1818,2201 1736,2209 1703,2213 1646,2208 1610,2192 1556,2208 1466,2208 1375,2208 1285,2208 1200,2194 1195,2209 1105,2209 1014,2211 924,2211 887,2189 834,2212 814,2204 744,2214"/>
                <Baseline points="567,2241 657,2239 747,2238 837,2238 928,2236 1018,2236 1108,2235 1198,2235 1289,2235 1379,2235 1469,2235 1559,2236 1650,2236 1740,2238 1701,2226 1920,2239 2011,2241 2101,2243 2191,2245 2281,2247 2372,2250"/>
                <TextEquiv>
                    <Unicode>vel Tenutario ejusdem pro tempore existenti non aliter quam suo jure Theu</Unicode>
                </TextEquiv>
            </TextLine>
            <TextLine id="r2l33" custom="readingOrder {index:27;}">
                <Coords points="734,2315 823,2314 913,2314 1002,2324 1092,2312 1181,2312 1240,2332 1271,2312 1319,2312 1337,2330 1360,2312 1450,2312 1539,2312 1629,2314 1666,2321 1681,2311 1719,2314 1808,2314 1832,2331 1857,2320 1898,2315 1987,2315 2002,2337 2028,2320 2077,2317 2166,2318 2206,2337 2220,2326 2256,2318 2345,2320 2407,2332 2435,2321 2525,2323 2525,2280 2523,2261 2490,2266 2483,2281 2435,2278 2345,2277 2256,2275 2191,2265 2146,2265 2116,2280 2077,2274 2022,2263 1987,2272 1880,2257 1809,2262 1714,2246 1670,2271 1629,2271 1597,2285 1539,2269 1500,2260 1446,2280 1373,2280 1342,2283 1271,2269 1260,2255 1181,2269 1116,2252 1092,2269 1002,2269 998,2257 913,2271 824,2261 734,2272"/>
                <Baseline points="734,2301 823,2300 913,2300 1002,2298 1092,2298 1181,2298 1271,2298 1360,2298 1450,2298 1539,2298 1629,2300 1719,2300 1808,2300 1898,2301 1987,2301 2077,2303 2166,2304 2256,2304 2345,2306 2435,2307 2525,2309"/>
                <TextEquiv>
                    <Unicode>tunico Srzedensi de se querulantibus respondere sint astricti In Causis vero</Unicode>
                </TextEquiv>
            </TextLine>
            <TextLine id="r2l34" custom="readingOrder {index:28;}">
                <Coords points="737,2382 826,2381 916,2381 1000,2385 1006,2381 1096,2381 1145,2383 1177,2406 1202,2381 1275,2379 1355,2385 1399,2410 1451,2398 1458,2409 1501,2376 1544,2379 1634,2379 1676,2393 1699,2385 1708,2406 1717,2411 1740,2405 1750,2379 1814,2379 1903,2379 1993,2379 2083,2379 2173,2381 2262,2381 2352,2382 2442,2383 2539,2384 2539,2339 2516,2321 2442,2338 2403,2346 2352,2337 2290,2316 2262,2336 2173,2336 2138,2327 2083,2334 2007,2346 1993,2334 1903,2334 1814,2334 1795,2315 1724,2334 1694,2312 1674,2321 1664,2336 1634,2334 1544,2334 1455,2334 1441,2307 1418,2312 1399,2341 1365,2334 1306,2326 1275,2334 1185,2336 1096,2336 1006,2336 916,2336 904,2324 826,2336 737,2337"/>
                <Baseline points="737,2367 826,2366 916,2366 1006,2366 1096,2366 1185,2366 1275,2364 1365,2364 1455,2364 1544,2364 1634,2364 1724,2364 1814,2364 1903,2364 1993,2364 2083,2364 2173,2366 2262,2366 2352,2367 2442,2368 2532,2369"/>
                <TextEquiv>
                    <Unicode>Criminalibus et Capitalibus superius expressant advocato dictarum villarum</Unicode>
                </TextEquiv>
            </TextLine>
            <TextLine id="r2l35" custom="readingOrder {index:29;}">
                <Coords points="737,2452 729,2480 758,2457 826,2450 915,2449 932,2479 1004,2449 1013,2479 1038,2474 1067,2456 1093,2447 1182,2446 1217,2467 1256,2472 1271,2446 1361,2444 1450,2443 1539,2443 1591,2460 1628,2441 1717,2441 1806,2440 1873,2460 1895,2440 1977,2470 1992,2441 2074,2440 2100,2465 2163,2440 2190,2467 2252,2440 2341,2440 2430,2441 2541,2457 2542,2402 2430,2399 2341,2398 2263,2383 2252,2398 2216,2387 2163,2398 2074,2398 1985,2398 1895,2398 1826,2400 1796,2378 1781,2398 1717,2399 1628,2399 1539,2401 1450,2401 1361,2402 1277,2383 1226,2378 1198,2405 1182,2404 1093,2405 1004,2407 957,2393 915,2407 826,2408 757,2390 737,2410"/>
                <Baseline points="737,2438 826,2436 915,2435 1004,2435 1093,2433 1182,2432 1271,2432 1361,2430 1450,2429 1539,2429 1628,2427 1717,2427 1806,2426 1895,2426 1985,2426 2074,2426 2163,2426 2252,2426 2341,2426 2430,2427 2520,2429"/>
                <TextEquiv>
                    <Unicode>sortem seu partem prefati Nicolai pertinencium qui pro tempore fuerit in metis</Unicode>
                </TextEquiv>
            </TextLine>
            <TextLine id="r2l36" custom="readingOrder {index:30;}">
                <Coords points="734,2509 789,2511 822,2533 847,2513 860,2514 910,2510 999,2510 1087,2510 1125,2521 1175,2510 1264,2510 1352,2510 1440,2509 1529,2509 1578,2525 1617,2509 1647,2539 1705,2508 1794,2507 1882,2507 1970,2507 2059,2507 2147,2507 2196,2524 2235,2507 2324,2509 2412,2509 2516,2510 2516,2468 2397,2458 2324,2467 2246,2452 2193,2473 2147,2465 2101,2457 2059,2465 1979,2469 1882,2465 1846,2451 1794,2465 1705,2466 1617,2467 1577,2454 1534,2457 1503,2447 1440,2450 1417,2450 1352,2468 1264,2468 1175,2468 1087,2468 1049,2466 1025,2479 999,2468 934,2481 910,2468 822,2468 734,2467"/>
                <Baseline points="734,2495 822,2496 910,2496 999,2496 1087,2496 1175,2496 1264,2496 1352,2496 1440,2495 1529,2495 1617,2495 1705,2494 1794,2493 1882,2493 1970,2493 2059,2493 2147,2493 2235,2493 2324,2495 2412,2495 2501,2496"/>
                <TextEquiv>
                    <Unicode>et graniciis judicandi Sentenciandum puniendum corigendum plectendum</Unicode>
                </TextEquiv>
            </TextLine>
            <TextLine id="r2l37" custom="readingOrder {index:31;}">
                <Coords points="749,2570 838,2573 928,2574 956,2573 973,2594 1018,2576 1108,2577 1198,2577 1223,2596 1257,2579 1288,2577 1377,2577 1467,2577 1557,2577 1647,2576 1737,2576 1827,2574 1844,2581 1917,2574 2006,2573 2096,2573 2171,2600 2186,2573 2276,2573 2362,2586 2366,2574 2395,2579 2423,2612 2483,2599 2560,2577 2560,2532 2456,2531 2366,2529 2276,2528 2186,2528 2096,2528 2006,2528 1918,2507 1900,2523 1827,2529 1789,2512 1742,2503 1727,2527 1650,2542 1623,2531 1557,2532 1546,2527 1467,2532 1424,2523 1377,2532 1365,2509 1288,2532 1198,2532 1108,2532 1060,2512 1018,2531 928,2529 883,2514 838,2514 838,2528 749,2525"/>
                <Baseline points="749,2555 838,2558 928,2559 1018,2561 1108,2562 1198,2562 1288,2562 1377,2562 1467,2562 1557,2562 1647,2561 1737,2561 1827,2559 1917,2559 2006,2558 2096,2558 2186,2558 2276,2558 2366,2559 2456,2561 2546,2562"/>
                <TextEquiv>
                    <Unicode>et condempnandum plenam damus et omnimodam concedimus facultatem prout</Unicode>
                </TextEquiv>
            </TextLine>
            <TextLine id="r2l38" custom="readingOrder {index:32;}">
                <Coords points="713,2634 806,2637 811,2651 899,2639 967,2649 992,2640 1085,2642 1178,2643 1271,2645 1364,2645 1457,2645 1550,2645 1584,2644 1615,2678 1643,2645 1662,2673 1682,2649 1736,2645 1787,2649 1816,2666 1829,2645 1922,2643 1978,2671 2011,2654 2022,2659 2108,2643 2201,2644 2264,2646 2314,2670 2324,2646 2387,2645 2480,2646 2515,2674 2544,2645 2574,2648 2608,2589 2555,2591 2480,2601 2446,2615 2432,2610 2418,2589 2387,2600 2294,2600 2201,2599 2108,2598 2015,2598 1922,2598 1829,2600 1736,2600 1701,2575 1643,2600 1550,2600 1457,2600 1364,2600 1301,2573 1276,2579 1271,2600 1178,2598 1111,2584 1085,2597 992,2595 966,2596 941,2582 899,2594 883,2571 849,2571 833,2589 806,2592 737,2576 713,2589"/>
                <Baseline points="608,2612 701,2615 794,2617 887,2618 980,2620 1073,2621 1166,2623 1259,2623 1352,2623 1445,2623 1424,2631 1517,2631 1724,2623 1817,2621 1910,2621 2003,2621 2096,2622 2189,2623 2282,2623 2375,2624 2469,2626"/>
                <TextEquiv>
                    <Unicode>hoc ipsum jus Srzedensem in omnibus suis punctis condicionibus et Clausulis</Unicode>
                </TextEquiv>
            </TextLine>
            <TextLine id="r2l39" custom="readingOrder {index:33;}">
                <Coords points="714,2699 761,2726 806,2702 898,2705 990,2707 1044,2712 1069,2726 1083,2708 1175,2710 1267,2710 1359,2711 1378,2720 1398,2708 1452,2711 1544,2710 1636,2710 1693,2709 1713,2738 1746,2734 1769,2709 1821,2710 1879,2715 1899,2723 1913,2710 2005,2710 2097,2710 2177,2723 2190,2711 2222,2744 2245,2714 2282,2711 2319,2734 2374,2714 2382,2726 2387,2747 2419,2720 2466,2716 2559,2719 2579,2677 2514,2682 2487,2659 2432,2651 2374,2671 2282,2668 2254,2641 2190,2668 2169,2654 2097,2667 2005,2667 1913,2667 1867,2648 1821,2667 1728,2667 1691,2664 1658,2670 1636,2667 1617,2668 1595,2656 1570,2644 1532,2646 1510,2666 1470,2656 1444,2650 1407,2666 1359,2668 1351,2659 1267,2667 1265,2645 1189,2645 1175,2667 1142,2643 1083,2665 990,2664 898,2662 860,2649 806,2659 714,2656"/>
                <Baseline points="512,2683 604,2686 696,2689 788,2691 881,2692 973,2694 1065,2694 1157,2695 1250,2695 1342,2694 1434,2694 1526,2694 1188,2762 1280,2762 1803,2694 1895,2694 1988,2695 2080,2695 2172,2698 2264,2700 2357,2703"/>
                <TextEquiv>
                    <Unicode>postulat et requirit juribus tamen nostris Regalibus in omnibus semper salvis</Unicode>
                </TextEquiv>
            </TextLine>
            <TextLine id="r2l40" custom="readingOrder {index:34;} unclear {offset:0; length:5;}">
                <Coords points="677,2779 755,2776 880,2789 916,2774 975,2776 988,2789 1013,2772 1068,2777 1078,2806 1105,2779 1162,2777 1237,2802 1289,2801 1349,2777 1443,2777 1537,2777 1622,2797 1724,2776 1817,2774 1911,2774 1983,2771 1997,2804 2062,2780 2085,2804 2098,2773 2192,2773 2215,2772 2222,2796 2249,2797 2266,2777 2286,2774 2306,2772 2332,2797 2364,2770 2379,2774 2473,2776 2567,2779 2567,2736 2561,2716 2473,2733 2395,2735 2384,2713 2347,2715 2337,2730 2317,2738 2286,2731 2192,2730 2112,2721 2019,2715 1913,2702 1911,2731 1826,2720 1807,2725 1724,2733 1705,2707 1664,2711 1630,2733 1573,2708 1549,2711 1537,2734 1443,2734 1418,2706 1349,2734 1259,2720 1162,2734 1105,2727 1068,2734 975,2733 881,2730 832,2702 764,2727 735,2703 680,2713"/>
                <Baseline points="788,2757 881,2759 975,2762 1068,2763 1162,2763 1256,2763 1349,2763 1443,2763 1537,2763 1630,2762 1724,2762 1817,2760 1911,2760 2005,2760 2098,2759 2192,2759 2286,2760 2379,2760 2473,2762 2567,2765"/>
                <TextEquiv>
                    <Unicode>...um quamlibet testimo sigillum nostrum presentibus literarum est sub appensum Actum</Unicode>
                </TextEquiv>
            </TextLine>
            <TextLine id="r2l41" custom="readingOrder {index:35;}">
                <Coords points="701,2844 893,2846 955,2870 980,2847 1067,2849 1154,2849 1185,2884 1222,2885 1243,2869 1241,2849 1294,2869 1328,2848 1414,2847 1462,2870 1501,2846 1588,2845 1675,2844 1762,2843 1799,2854 1849,2841 1936,2840 2022,2840 2109,2838 2144,2830 2196,2838 2283,2838 2370,2838 2457,2838 2544,2840 2544,2795 2457,2793 2421,2772 2370,2793 2333,2800 2283,2793 2233,2802 2196,2793 2109,2793 2085,2806 2085,2805 2022,2795 1936,2795 1847,2782 1764,2786 1712,2780 1675,2799 1588,2800 1547,2780 1501,2801 1474,2799 1414,2802 1328,2803 1241,2804 1140,2777 1067,2804 1007,2779 961,2794 893,2801 823,2795 753,2771 723,2780 701,2799"/>
                <Baseline points="807,2829 893,2831 980,2832 1067,2834 1154,2834 1241,2834 1328,2833 1414,2832 1501,2831 1588,2830 1675,2829 1448,2821 1535,2819 1936,2825 2022,2825 2109,2823 2196,2823 2283,2823 2370,2823 2457,2823 2544,2825"/>
                <TextEquiv>
                    <Unicode>Cracovie feria quinta proxima post dominicam Invocauit Anno Domini millesimo</Unicode>
                </TextEquiv>
            </TextLine>
            <TextLine id="r2l42" custom="readingOrder {index:36;}">
                <Coords points="713,2907 802,2912 891,2914 901,2934 941,2921 981,2916 1028,2918 1049,2944 1070,2918 1160,2918 1180,2937 1259,2948 1323,2938 1346,2944 1419,2942 1428,2918 1518,2916 1571,2918 1593,2947 1627,2914 1696,2913 1786,2912 1875,2910 1963,2924 1965,2909 2027,2929 2054,2909 2127,2934 2183,2929 2263,2934 2323,2907 2412,2907 2421,2941 2450,2911 2502,2907 2502,2862 2404,2835 2320,2854 2233,2862 2194,2838 2134,2831 2096,2863 2054,2864 1965,2864 1955,2848 1901,2848 1875,2865 1786,2867 1707,2845 1607,2870 1518,2871 1426,2863 1339,2873 1249,2873 1230,2858 1222,2874 1198,2888 1160,2873 1075,2850 981,2871 891,2869 802,2867 713,2862"/>
                <Baseline points="713,2892 802,2897 891,2899 981,2901 1070,2903 1160,2903 1249,2903 1339,2903 1428,2903 1518,2901 1607,2900 1696,2898 1786,2897 1875,2895 1965,2894 2054,2894 2144,2892 2233,2892 2323,2892 2412,2892 2502,2892"/>
                <TextEquiv>
                    <Unicode>quadringentesimo quinquagesimo presentibus ibidem magnificis Generosis</Unicode>
                </TextEquiv>
            </TextLine>
            <TextLine id="r2l43" custom="readingOrder {index:37;}">
                <Coords points="695,2984 785,2988 875,2991 966,2993 1056,2994 1146,2994 1237,2994 1274,3014 1327,2994 1367,3018 1417,2993 1508,2991 1598,2990 1688,2987 1779,2985 1798,2996 1869,2984 1876,2997 1959,2982 2050,2981 2094,3017 2109,2986 2140,2981 2194,2973 2230,2981 2321,2981 2408,3014 2411,2982 2502,2984 2502,2939 2468,2914 2443,2918 2431,2940 2411,2937 2321,2936 2269,2926 2230,2936 2166,2940 2140,2936 2135,2920 2106,2924 2088,2932 2050,2936 2039,2933 1959,2937 1869,2939 1779,2940 1761,2933 1688,2942 1666,2929 1598,2945 1508,2946 1417,2948 1384,2940 1305,2939 1237,2949 1168,2934 1146,2949 1075,2933 1056,2949 966,2948 875,2946 785,2943 729,2921 695,2939"/>
                <Baseline points="695,2969 785,2973 875,2976 966,2978 1056,2979 1146,2979 1237,2979 1327,2979 1417,2978 1508,2976 1598,2975 1688,2972 1779,2970 1869,2969 1959,2967 2050,2966 2140,2966 2230,2966 2321,2966 2411,2967 2502,2969"/>
                <TextEquiv>
                    <Unicode>Strenuis et Nobilibus Johanne de Czizow Castellano et Capitaneo</Unicode>
                </TextEquiv>
            </TextLine>
            <TextLine id="r2l44" custom="readingOrder {index:38;}">
                <Coords points="689,3062 775,3066 862,3071 949,3072 978,3096 1036,3074 1044,3095 1123,3074 1210,3074 1297,3074 1384,3072 1465,3101 1471,3070 1558,3068 1644,3066 1731,3063 1818,3062 1905,3060 1992,3059 2079,3057 2166,3056 2253,3057 2259,3085 2291,3060 2340,3057 2427,3060 2427,3015 2340,3012 2253,3012 2224,3009 2195,2977 2168,2977 2166,3011 2079,3012 2053,3001 1996,2992 1975,2996 1905,3015 1832,3003 1818,3017 1762,3007 1731,3018 1644,3021 1632,3003 1558,3023 1469,3009 1384,3027 1345,3012 1297,3029 1245,3016 1210,3029 1123,3029 1067,3002 1036,3029 949,3027 911,3002 862,3026 838,2991 802,2983 775,3021 728,3002 689,3017"/>
                <Baseline points="689,3047 775,3051 862,3056 949,3057 1036,3059 1123,3059 1210,3059 1297,3059 1384,3057 1471,3055 1558,3053 1644,3051 1731,3048 1818,3047 1905,3045 1992,3044 2079,3042 2166,3041 2253,3042 2340,3042 2427,3045"/>
                <TextEquiv>
                    <Unicode>Cracoviensi Crzeczslao de Curoslwanki Castellano Lubliniensi Petro</Unicode>
                </TextEquiv>
            </TextLine>
            <TextLine id="r2l45" custom="readingOrder {index:39;}">
                <Coords points="686,3140 776,3141 867,3143 872,3170 948,3150 958,3145 1049,3147 1139,3147 1180,3169 1230,3149 1321,3149 1409,3171 1502,3150 1593,3150 1684,3150 1771,3169 1865,3147 1956,3146 1984,3150 2007,3180 2047,3144 2138,3141 2228,3138 2319,3134 2410,3131 2501,3125 2501,3080 2457,3057 2410,3086 2332,3070 2319,3089 2257,3095 2228,3093 2164,3081 2138,3096 2127,3075 2047,3099 1956,3101 1918,3055 1890,3051 1865,3102 1846,3082 1775,3104 1699,3080 1684,3105 1593,3105 1502,3094 1478,3106 1455,3110 1412,3105 1321,3104 1230,3104 1168,3086 1139,3102 1049,3102 958,3100 904,3082 867,3098 793,3095 779,3079 686,3095"/>
                <Baseline points="686,3125 776,3126 867,3128 958,3130 1049,3132 1139,3132 1230,3134 1321,3134 1412,3135 1502,3135 1593,3135 1684,3135 1775,3134 1865,3132 1956,3131 2047,3129 2138,3126 2228,3123 2319,3119 2410,3116 2501,3110"/>
                <TextEquiv>
                    <Unicode>Odrowasch de Sprowa palatino Leopoliensi Predborio de Co</Unicode>
                </TextEquiv>
            </TextLine>
            <TextEquiv>
                <Unicode>Littera Juris Theutunici pro Nicolao vicecapitaneo Cracoviensi&#13;
Kazimirus Dei gracia Rex Polonie Necnon Terrarum Cracovie Sando&#13;
mirie Siradie Lancicie Cujavie Dobrinie Pomoranie magnus dux Lithwanie et&#13;
heres Russie Ad perpetuam rei memoriam Significamus tenore presencium quibus expedit&#13;
universis presenciam noticiam habituris presentibus et futuris Quoniam ad instantes peticiones&#13;
Generosi Nicolai vicecapitanei Cracoviensi de Mlodoczin et in antiqua villa sit&#13;
nucupata ad sortem seu partem suaviliter quam in dictis villis talem et talium villa&#13;
...um ipsius parcium pro ut in suis metis et Graniciis longe late que et circumferencialiter&#13;
distincte extiterint et super alias omnes et singulas villas et hereditates quas ex&#13;
post per humanam industriam potiter acquirere et habere tum omnibus I et sin&#13;
gulis suis attinemciis appendiis et pertinenciis universis pro ut in suis metis&#13;
fuerint limitata et distincta ex nunc de jure Polonico in jus Theutunicum&#13;
quod Srzedensem dicitur que alie ville et hereditates in Regno nostro sibi vicine gau&#13;
dent et fruuntur transferimus perpetuo duraturum Romonen̄ ibidem omnia jura&#13;
Polonicalia modos et consvetudines universas que ipsum jus Theutunicum plerumque&#13;
consvevuerunt et solita sunt perturbare Eximimus et perpetuo liberamus kme&#13;
thones et omnes Incolas dictatum villarum Mlodoczin et in antiqua ullathenus&#13;
nucupata jacenta in terra Sandomiriensi et districtu Radomiensi et alios ex post per&#13;
quemcunque modum a supre fato acquisiti tam presentes et futuros ab omni jurisdiccione&#13;
et potestate omni Regni nostri palatinorum Castrorum Capitaneorum dignitariorum judi&#13;
cum Subjudicum ceterorumque Officialium et ministerialium eorundem ut coram&#13;
ipsis aut ipsorum aliquo pro Causis tam magnis quam parvis puta furti&#13;
Incendii mutillacione seu quibusuis aliis enormibus excessibus citati mi&#13;
nime respondebunt nec aliquas penas solvere tenebuntur sed kmethones et&#13;
Incole dictarum villarum parcium memorate coram advocato suo qui pro tempore&#13;
fuerit advocatus vero coram nobis aut predicto Nicolao vicecapitaneo Cracoviensi&#13;
vel Tenutario ejusdem pro tempore existenti non aliter quam suo jure Theu&#13;
tunico Srzedensi de se querulantibus respondere sint astricti In Causis vero&#13;
Criminalibus et Capitalibus superius expressant advocato dictarum villarum&#13;
sortem seu partem prefati Nicolai pertinencium qui pro tempore fuerit in metis&#13;
et graniciis judicandi Sentenciandum puniendum corigendum plectendum&#13;
et condempnandum plenam damus et omnimodam concedimus facultatem prout&#13;
hoc ipsum jus Srzedensem in omnibus suis punctis condicionibus et Clausulis&#13;
postulat et requirit juribus tamen nostris Regalibus in omnibus semper salvis&#13;
...um quamlibet testimo sigillum nostrum presentibus literarum est sub appensum Actum&#13;
Cracovie feria quinta proxima post dominicam Invocauit Anno Domini millesimo&#13;
quadringentesimo quinquagesimo presentibus ibidem magnificis Generosis&#13;
Strenuis et Nobilibus Johanne de Czizow Castellano et Capitaneo&#13;
Cracoviensi Crzeczslao de Curoslwanki Castellano Lubliniensi Petro&#13;
Odrowasch de Sprowa palatino Leopoliensi Predborio de Co</Unicode>
            </TextEquiv>
        </TextRegion>
    </Page>
</PcGts>
