<?xml version='1.0' encoding='UTF-8'?>
<PcGts xmlns:xsi="http://www.w3.org/2001/XMLSchema-instance" xmlns="http://schema.primaresearch.org/PAGE/gts/pagecontent/2019-07-15" xsi:schemaLocation="http://schema.primaresearch.org/PAGE/gts/pagecontent/2019-07-15 http://schema.primaresearch.org/PAGE/gts/pagecontent/2019-07-15/pagecontent.xsd"><Metadata><Creator>prov=University of Rostock/Institute of Mathematics/CITlab|PLANET AI GmbH/Tobias Gruening/tobias.gruening@planet-ai.de:name=/net_tf/LA73_249_0mod360.pb:de.uros.citlab.segmentation.CITlab_LA_ML:v=2.6.7
Transkribus</Creator><Created>2022-03-28T11:47:28</Created><LastChange>2022-05-08T16:32:40</LastChange><Comments/></Metadata><Page imageFilename="GLOG_AnPost-0259.jpg" imageHeight="2631" imageWidth="1716"><ReadingOrder><OrderedGroup caption="Regions reading order" id="ro_1652020360073"><RegionRefIndexed index="0" regionRef="TextRegion_1651947567363_845"/><RegionRefIndexed index="1" regionRef="TextRegion_1651947567363_844"/></OrderedGroup></ReadingOrder><TextRegion custom="readingOrder {index:0;} structure {type:header;}" id="TextRegion_1651947567363_845" orientation="0.0" type="header"><Coords points="56,161 1171,161 1171,246 56,246"/><TextLine custom="readingOrder {index:0;}" id="line_1652019532763_558"><Coords points="103,232 166,228 267,249 268,249 350,244 466,252 467,254 502,254 502,252 504,252 505,252 532,233 615,233 637,254 638,254 640,254 665,255 666,255 667,255 705,236 741,247 742,247 743,247 745,247 764,236 803,236 836,252 837,252 838,252 860,248 875,258 877,258 878,258 879,258 881,258 882,258 898,245 1033,241 1055,260 1056,260 1058,260 1059,260 1061,260 1090,244 1115,254 1116,254 1118,254 1160,245 1162,230 1160,147 1096,149 1094,149 1065,165 1012,146 1011,146 1010,146 1008,146 988,154 887,149 885,149 765,163 722,135 720,135 719,135 672,134 670,134 669,134 667,134 631,162 567,162 546,160 517,134 515,134 514,134 473,133 472,133 470,133 469,133 437,157 409,157 381,134 380,134 378,134 377,134 292,152 263,127 261,127 260,127 258,127 257,127 198,141 181,127 179,127 178,127 108,125 105,203 103,232"/><Baseline points="106,204 131,208 157,211 183,214 209,217 235,219 261,222 287,223 313,225 338,226 364,228 390,228 416,229 442,229 468,228 494,227 520,226 643,225 669,226 695,227 721,228 747,229 773,230 799,231 825,231 851,232 877,232 903,233 929,233 955,234 981,234 1007,234 1033,234 1059,234 1085,233 1111,232 1137,232 1163,231"/><TextEquiv><Unicode>Posterioru~ Fo. CXXVII</Unicode></TextEquiv></TextLine><TextEquiv><Unicode>Posterioru~ Fo. CXXVII</Unicode></TextEquiv></TextRegion><TextRegion custom="readingOrder {index:1;} structure {type:paragraph;}" id="TextRegion_1651947567363_844" orientation="0.0" type="paragraph"><Coords points="56,246 1171,246 1171,1993 56,1993"/><TextLine custom="readingOrder {index:0;}" id="r1l3"><Coords points="58,283 57,308 131,311 184,333 185,333 187,333 228,324 244,334 245,334 247,334 248,334 299,327 330,337 331,337 333,337 527,337 606,346 608,346 609,346 644,330 663,346 665,346 666,346 667,346 758,334 786,353 787,353 789,353 790,353 831,350 833,350 834,350 856,337 1021,349 1023,349 1083,344 1135,358 1137,358 1138,358 1140,358 1169,346 1170,321 1170,279 1099,285 1027,274 1026,274 977,285 955,276 954,276 953,276 951,276 931,283 894,270 893,270 891,270 853,277 831,267 830,267 776,266 774,266 773,266 742,273 688,267 686,267 685,267 684,267 665,282 621,282 558,267 556,267 555,267 527,276 292,270 282,261 280,261 279,261 277,261 238,267 225,257 223,257 222,257 168,249 166,249 165,249 134,258 109,242 108,242 106,242 105,242 58,245 58,283"/><Baseline points="59,284 114,293 170,301 225,307 281,312 337,317 392,320 448,321 503,323 559,324 615,324 670,323 726,323 781,322 837,321 893,320 948,320 1004,320 1059,320 1115,321 1171,323"/><TextEquiv><Unicode>tibus Hi enim quidem veri sunt alijfalsi. Et si nanqʒ sit veru~</Unicode></TextEquiv></TextLine><TextLine custom="readingOrder {index:1;}" id="r1l4"><Coords points="55,378 54,406 81,412 100,429 102,429 103,429 105,429 181,422 194,432 195,432 197,432 293,437 295,437 467,434 489,444 491,444 492,444 659,441 686,451 688,451 689,451 691,451 723,442 735,451 735,453 736,453 738,453 739,453 852,438 980,448 982,448 1039,444 1068,453 1069,453 1071,453 1157,447 1160,419 1159,377 1024,372 1023,372 976,381 966,372 966,371 964,371 963,371 961,371 912,380 887,366 885,366 884,366 843,375 796,365 795,365 732,380 691,365 689,365 688,365 686,365 685,365 667,377 625,377 603,356 602,356 600,356 599,356 597,356 596,356 572,374 543,365 542,365 540,365 495,371 444,362 442,362 271,362 261,355 260,355 258,355 257,355 223,361 173,343 172,343 171,343 169,343 134,355 102,337 100,337 99,337 55,340 55,378"/><Baseline points="56,379 111,388 166,397 221,404 277,409 332,414 387,417 442,419 498,420 553,420 608,420 663,420 719,419 774,418 829,417 884,417 940,416 995,416 1050,417 1105,418 1161,420"/><TextEquiv><Unicode>est ex falsis sylogisare sed semel hoc fit vt si a de c veruʒ sit. me</Unicode></TextEquiv></TextLine><TextLine custom="readingOrder {index:2;}" id="r1l5"><Coords points="59,472 58,499 159,515 160,515 162,515 172,510 187,523 187,524 188,524 190,524 217,526 219,526 220,526 248,517 295,523 296,523 298,523 299,523 306,515 339,530 340,530 619,540 621,540 705,527 780,548 781,548 783,548 784,548 809,536 865,543 866,543 920,534 996,536 1005,545 1007,545 1008,545 1010,545 1045,539 1115,549 1116,549 1157,542 1160,514 1160,473 1033,469 1031,469 1030,469 1005,476 929,464 928,464 926,464 925,464 913,475 833,475 818,463 818,461 817,461 815,461 779,461 777,461 776,461 774,461 764,470 746,463 745,463 743,463 742,463 717,472 695,460 694,460 692,460 691,460 689,460 672,475 616,476 594,466 593,466 591,466 590,466 559,475 375,469 366,460 365,460 363,460 362,460 361,460 346,466 336,458 334,458 333,458 331,458 266,463 249,450 248,450 247,450 245,450 244,450 220,460 175,448 173,448 172,448 127,450 90,432 89,432 87,432 59,435 59,472"/><Baseline points="60,473 115,484 170,493 225,501 280,506 335,511 390,514 445,516 500,518 555,518 610,518 665,517 720,516 775,515 830,514 885,513 940,512 995,512 1050,512 1105,513 1161,515"/><TextEquiv><Unicode>dium autem b falsum. neqʒ enim a in b est. neqʒ b in c. Sed</Unicode></TextEquiv></TextLine><TextLine custom="readingOrder {index:3;}" id="r1l6"><Coords points="54,593 168,619 169,619 210,613 295,625 296,625 298,625 317,618 355,628 356,628 553,637 555,638 589,638 589,637 590,637 591,637 610,624 666,641 667,641 669,641 670,641 739,622 796,647 798,647 799,647 800,647 855,627 916,643 917,643 919,643 972,631 1053,641 1055,641 1147,637 1150,612 1148,572 1062,577 1048,568 1046,568 1045,568 860,561 859,561 858,561 806,574 798,567 798,565 796,565 795,565 793,565 739,565 723,556 722,556 720,556 719,556 679,561 678,561 676,561 662,574 590,574 207,558 102,529 100,529 57,529 55,567 54,593"/><Baseline points="57,568 111,580 166,589 221,597 275,603 330,608 385,611 439,613 494,615 549,615 604,615 658,614 713,613 768,612 822,610 877,610 932,609 986,609 1041,609 1096,611 1151,613"/><TextEquiv><Unicode>si barum media accipiuntur propositiones false erunt. ex eo</Unicode></TextEquiv></TextLine><TextLine custom="readingOrder {index:4;}" id="r1l7"><Coords points="54,692 149,697 176,714 178,714 179,714 181,714 245,708 258,719 260,719 261,719 263,719 299,716 328,724 330,724 666,738 667,739 713,739 713,738 714,738 716,738 739,720 776,720 800,736 802,736 803,736 805,736 806,736 831,724 878,724 896,738 897,738 898,738 900,738 901,738 925,727 954,741 955,741 957,741 1026,732 1118,742 1119,742 1154,735 1157,707 1157,669 964,662 963,662 891,673 863,662 862,662 860,662 698,669 665,659 663,659 662,659 562,666 520,657 518,657 486,663 353,651 352,651 226,653 188,637 187,637 185,637 184,637 160,644 127,629 125,629 57,628 55,665 54,692"/><Baseline points="57,666 112,677 167,686 222,693 277,699 332,704 387,707 442,709 497,710 552,711 608,711 663,710 718,709 773,708 828,707 883,706 938,705 993,705 1048,705 1103,706 1159,708"/><TextEquiv><Unicode>ꝙ omnis conclusio falsa est ex falsis. et vera ex veris. Altere</Unicode></TextEquiv></TextLine><TextLine custom="readingOrder {index:5;}" id="r1l8"><Coords points="58,758 57,789 128,796 165,814 166,814 168,814 169,814 182,808 216,817 217,817 219,817 220,817 241,808 263,821 264,821 266,821 347,825 460,830 461,830 463,830 464,830 489,815 524,833 526,833 580,834 581,834 583,834 621,821 641,834 643,834 644,834 692,837 694,837 808,821 855,846 856,846 858,846 942,827 1007,828 1036,843 1037,843 1039,843 1040,843 1074,833 1162,836 1166,803 1166,762 1012,757 1011,757 958,764 942,754 941,754 939,754 887,751 885,751 884,751 821,767 798,749 796,749 795,749 793,749 792,749 790,749 779,757 748,748 746,748 745,748 743,748 742,748 719,765 713,761 713,760 711,760 710,760 708,760 613,765 575,754 574,754 572,754 505,761 302,754 289,743 287,743 286,743 285,743 223,748 187,733 185,733 184,733 138,738 106,719 105,719 103,719 102,719 58,724 58,758"/><Baseline points="59,760 114,772 169,781 225,789 280,795 336,799 391,803 446,806 502,807 557,808 613,808 668,807 723,806 779,805 834,804 890,804 945,803 1000,802 1056,803 1111,804 1167,805"/><TextEquiv><Unicode>autem sunt vere et false postea neqʒ false ex eisdem sunt. fal</Unicode></TextEquiv></TextLine><TextLine custom="readingOrder {index:6;}" id="r1l9"><Coords points="68,882 103,884 131,898 133,898 134,898 135,898 137,898 144,893 165,909 166,909 168,909 306,910 308,910 309,910 333,901 350,916 352,916 353,916 501,922 502,922 542,915 583,926 584,926 586,928 631,928 631,926 632,926 634,926 657,909 729,923 730,923 732,923 733,923 749,913 806,935 808,935 809,935 855,934 856,934 858,934 881,917 942,926 944,926 993,922 1023,939 1024,939 1026,939 1027,939 1029,939 1030,939 1055,923 1162,926 1166,901 1167,860 992,852 991,852 989,852 966,860 904,849 903,849 841,850 840,850 838,850 828,857 811,844 809,844 808,844 806,844 805,844 762,860 682,853 681,853 679,853 660,862 568,862 551,847 549,847 548,847 546,847 545,847 526,857 312,852 216,847 198,831 197,831 195,831 162,827 160,827 159,827 133,834 73,815 70,857 68,882"/><Baseline points="71,858 125,869 180,879 235,887 290,893 345,898 399,901 454,902 509,903 564,904 619,903 673,902 728,901 783,900 838,899 893,898 947,897 1002,897 1057,898 1112,899 1167,902"/><TextEquiv><Unicode>sas ad inuicem et contrarias. et impossibiles simul esse vt</Unicode></TextEquiv></TextLine><TextLine custom="readingOrder {index:7;}" id="r1l10"><Coords points="64,974 135,979 171,1004 172,1004 173,1004 469,1017 534,1018 536,1018 537,1018 586,1004 606,1023 608,1023 609,1023 610,1023 612,1023 660,1007 688,1014 689,1014 691,1014 692,1014 722,1007 754,1024 755,1024 757,1024 758,1024 789,1008 833,1023 834,1023 836,1023 837,1023 863,1011 951,1029 988,1030 989,1030 991,1030 1012,1018 1094,1030 1096,1030 1160,1023 1162,998 1162,958 1024,953 1023,953 1021,953 1020,953 1011,960 907,948 906,948 846,957 830,945 828,945 827,945 825,945 824,945 789,957 764,948 762,948 761,948 654,957 627,947 625,947 624,947 622,947 596,957 537,957 276,945 261,932 260,932 258,932 257,932 195,939 153,917 152,917 67,910 65,950 64,974"/><Baseline points="67,951 121,964 176,973 231,981 286,988 341,992 395,995 450,998 505,999 560,999 615,999 669,998 724,997 779,996 834,994 889,993 943,993 998,993 1053,994 1108,996 1163,999"/><TextEquiv><Unicode>iustitiam esse iniustitiam aut timorem et hominem equum</Unicode></TextEquiv></TextLine><TextLine custom="readingOrder {index:8;}" id="r1l11"><Coords points="59,1045 58,1071 100,1086 102,1086 103,1086 182,1084 255,1106 257,1106 258,1106 260,1106 283,1099 318,1109 320,1109 505,1118 507,1118 555,1107 580,1119 581,1119 646,1124 647,1124 685,1122 686,1122 722,1103 736,1110 738,1110 739,1110 858,1110 890,1126 891,1126 893,1126 894,1126 928,1113 1029,1125 1030,1126 1159,1126 1162,1096 1162,1058 969,1048 967,1048 941,1053 934,1048 934,1046 932,1046 931,1046 929,1046 818,1055 771,1043 770,1043 768,1043 681,1052 648,1040 647,1040 646,1040 644,1040 594,1055 551,1045 549,1045 501,1050 191,1037 112,1008 111,1008 109,1008 59,1012 59,1045"/><Baseline points="61,1046 116,1059 171,1069 226,1078 281,1083 336,1088 391,1092 446,1094 501,1096 556,1096 612,1095 667,1095 722,1093 777,1092 832,1091 887,1090 942,1090 997,1090 1052,1091 1107,1093 1163,1097"/><TextEquiv><Unicode>aut bouem aut equale maius. Aut minus ex positis auteʒ</Unicode></TextEquiv></TextLine><TextLine custom="readingOrder {index:9;}" id="r1l12"><Coords points="58,1167 141,1175 176,1197 178,1197 179,1197 181,1197 228,1194 295,1205 355,1207 356,1207 358,1207 385,1191 399,1202 399,1204 400,1204 401,1204 403,1204 404,1204 406,1204 415,1198 461,1213 463,1213 659,1220 660,1220 662,1220 697,1211 722,1219 723,1219 724,1219 726,1219 727,1219 754,1201 774,1201 859,1211 882,1226 884,1226 885,1226 887,1226 999,1211 1126,1216 1157,1229 1162,1188 1162,1151 996,1151 979,1143 977,1143 976,1143 942,1148 932,1140 931,1140 929,1140 928,1140 888,1147 877,1138 875,1138 874,1138 872,1138 871,1138 847,1147 811,1135 809,1135 808,1135 720,1153 228,1135 190,1118 188,1118 187,1118 185,1118 171,1125 153,1110 152,1110 150,1110 62,1100 59,1138 58,1167"/><Baseline points="61,1140 116,1153 171,1164 226,1173 281,1179 336,1185 391,1188 446,1190 501,1192 556,1192 612,1192 667,1191 722,1189 777,1188 832,1187 887,1186 942,1185 997,1184 1052,1185 1107,1187 1163,1189"/><TextEquiv><Unicode>sic est. Neqʒ enim omnium verorum principia sunt eadem al</Unicode></TextEquiv></TextLine><TextLine custom="readingOrder {index:10;}" id="r1l13"><Coords points="62,1235 59,1267 252,1284 286,1303 287,1303 565,1316 659,1319 660,1319 708,1311 761,1318 762,1318 764,1318 803,1303 821,1318 822,1318 824,1318 825,1318 934,1309 964,1325 966,1325 967,1325 969,1325 992,1315 1151,1318 1154,1286 1154,1249 945,1240 944,1240 942,1240 903,1251 874,1240 872,1240 871,1240 808,1248 736,1233 735,1233 733,1233 711,1240 695,1230 694,1230 692,1230 691,1230 689,1230 632,1248 600,1230 599,1230 597,1230 596,1230 539,1245 301,1235 290,1226 289,1226 287,1226 286,1226 239,1230 228,1221 226,1221 225,1221 223,1221 194,1226 179,1214 178,1214 176,1214 144,1214 133,1202 133,1201 131,1201 130,1201 64,1200 62,1235"/><Baseline points="63,1236 117,1249 172,1260 226,1270 281,1277 336,1283 390,1286 445,1289 499,1290 554,1291 609,1290 663,1289 718,1288 772,1287 827,1285 882,1284 936,1283 991,1283 1045,1283 1100,1284 1155,1287"/><TextEquiv><Unicode>tera enim multorum genere principia sunt. neqʒ conueniunt ⁊</Unicode></TextEquiv></TextLine><TextLine custom="readingOrder {index:11;}" id="r1l14"><Coords points="65,1362 135,1365 154,1381 156,1381 157,1381 236,1397 238,1397 287,1388 315,1401 317,1401 586,1414 587,1414 589,1414 590,1414 602,1407 643,1417 644,1417 646,1417 647,1417 691,1401 726,1410 727,1410 729,1410 730,1410 777,1395 872,1398 904,1414 906,1414 907,1414 1151,1411 1154,1384 1154,1341 948,1331 947,1331 878,1344 844,1334 843,1334 841,1334 796,1344 770,1331 768,1331 767,1331 765,1331 727,1343 705,1337 704,1337 703,1337 701,1337 700,1337 689,1346 653,1331 651,1331 650,1331 648,1331 628,1340 613,1331 612,1331 610,1331 609,1331 608,1331 568,1341 524,1334 523,1334 470,1338 210,1327 74,1289 68,1331 65,1362"/><Baseline points="69,1333 123,1347 177,1358 231,1367 286,1374 340,1379 394,1383 449,1386 503,1387 557,1388 612,1387 666,1386 720,1385 774,1384 829,1382 883,1381 937,1380 992,1380 1046,1380 1100,1382 1155,1385"/><TextEquiv><Unicode>vnitates punctis non conueniu~t he quidem non habent posi</Unicode></TextEquiv></TextLine><TextLine custom="readingOrder {index:12;}" id="r1l15"><Coords points="70,1426 68,1452 121,1455 201,1489 203,1489 204,1489 323,1486 339,1498 340,1498 342,1498 532,1508 533,1508 600,1493 651,1511 653,1511 654,1511 858,1504 881,1514 882,1514 884,1514 885,1514 887,1514 912,1498 1086,1505 1099,1517 1099,1518 1100,1518 1102,1518 1103,1518 1151,1508 1154,1482 1154,1442 966,1432 964,1432 912,1438 887,1429 885,1429 884,1429 882,1429 859,1441 800,1442 738,1430 736,1430 735,1430 698,1441 675,1426 673,1426 672,1426 670,1426 600,1441 578,1425 577,1425 575,1425 574,1425 514,1438 453,1428 451,1428 450,1428 429,1433 263,1426 201,1411 200,1411 198,1411 181,1419 103,1388 102,1388 71,1387 70,1426"/><Baseline points="71,1427 125,1441 179,1453 233,1463 287,1470 342,1476 396,1480 450,1482 504,1484 558,1484 613,1484 667,1483 721,1481 775,1480 829,1479 884,1477 938,1477 992,1477 1046,1477 1100,1479 1155,1483"/><TextEquiv><Unicode>tionem Illa autem habent Necesse est autem aut immedia</Unicode></TextEquiv></TextLine><TextLine custom="readingOrder {index:13;}" id="r1l16"><Coords points="70,1524 67,1553 181,1563 206,1582 207,1582 209,1582 210,1582 211,1582 233,1571 283,1596 285,1596 426,1601 428,1601 429,1601 451,1593 486,1606 488,1606 603,1612 605,1612 606,1612 608,1612 622,1603 648,1613 650,1613 651,1615 708,1615 708,1613 710,1613 727,1604 761,1615 762,1615 764,1615 765,1615 809,1603 872,1615 874,1615 875,1615 916,1600 934,1613 935,1613 936,1613 938,1613 939,1613 973,1601 1157,1607 1160,1578 1162,1537 964,1527 963,1527 961,1527 939,1533 907,1524 906,1524 904,1524 903,1524 874,1533 850,1521 849,1521 847,1521 846,1521 811,1530 723,1524 722,1524 651,1539 581,1523 580,1523 529,1534 213,1520 182,1493 181,1493 179,1493 178,1493 127,1499 87,1483 86,1483 84,1483 83,1483 71,1486 70,1524"/><Baseline points="71,1525 125,1539 180,1550 234,1559 289,1566 343,1572 398,1576 452,1579 507,1580 561,1580 616,1580 670,1579 725,1578 779,1577 834,1575 888,1574 943,1574 997,1574 1052,1574 1106,1576 1161,1579"/><TextEquiv><Unicode>connuenire aut in sursum aut deorsm. Aut interius ha=</Unicode></TextEquiv></TextLine><TextLine custom="readingOrder {index:14;}" id="r1l17"><Coords points="67,1651 125,1654 171,1676 172,1676 173,1676 175,1676 176,1676 194,1663 209,1664 254,1688 255,1688 287,1689 289,1689 290,1689 324,1676 340,1691 340,1692 342,1692 343,1692 534,1702 536,1702 537,1702 558,1694 596,1698 597,1698 599,1698 600,1698 619,1685 647,1708 648,1708 650,1708 651,1708 692,1699 743,1711 745,1711 746,1711 748,1711 780,1691 827,1711 828,1711 830,1711 926,1696 973,1699 989,1714 991,1714 992,1714 993,1714 995,1714 1020,1701 1162,1707 1164,1673 1164,1632 974,1622 973,1622 972,1622 970,1622 955,1631 912,1619 910,1619 909,1619 907,1619 878,1635 837,1635 796,1619 795,1619 793,1619 717,1635 665,1618 663,1618 662,1618 660,1618 597,1635 568,1622 567,1622 565,1622 564,1622 543,1632 494,1632 279,1620 258,1606 257,1606 255,1606 254,1606 203,1607 153,1587 152,1587 150,1587 149,1587 125,1593 74,1577 70,1618 67,1651"/><Baseline points="71,1619 125,1633 180,1645 235,1654 289,1662 344,1668 399,1672 453,1674 508,1676 563,1677 618,1677 672,1676 727,1675 782,1673 836,1672 891,1671 946,1670 1000,1670 1055,1671 1110,1672 1165,1675"/><TextEquiv><Unicode>bere hos illos autem exterius terminorum. Sed neqʒ co~=</Unicode></TextEquiv></TextLine><TextLine custom="readingOrder {index:15;}" id="r1l18"><Coords points="62,1739 109,1742 131,1761 133,1761 134,1761 219,1781 504,1790 575,1802 577,1802 578,1802 610,1786 646,1792 647,1792 704,1784 717,1794 719,1794 720,1794 722,1794 723,1794 758,1781 825,1786 874,1806 875,1806 877,1806 878,1806 916,1787 982,1797 983,1797 985,1797 986,1797 995,1792 1153,1799 1156,1771 1156,1737 900,1724 898,1724 897,1724 846,1737 814,1726 812,1726 811,1726 809,1726 784,1737 765,1726 764,1726 762,1726 761,1726 732,1732 713,1720 711,1720 710,1720 708,1720 707,1720 659,1733 628,1720 627,1720 625,1720 624,1720 622,1720 603,1734 545,1724 543,1724 542,1724 532,1730 521,1721 521,1720 520,1720 518,1720 517,1720 473,1727 276,1717 263,1708 261,1708 260,1708 258,1708 257,1708 238,1714 175,1701 156,1685 154,1685 153,1685 152,1685 150,1685 133,1689 68,1677 65,1711 62,1739"/><Baseline points="66,1713 120,1728 175,1740 229,1750 284,1759 338,1765 393,1769 447,1772 502,1774 556,1775 611,1775 666,1774 720,1773 775,1772 829,1771 884,1769 938,1768 993,1768 1047,1769 1102,1771 1157,1773"/><TextEquiv><Unicode>munium principioruʒ possunt esse aliqua ex quibus om~ia de </Unicode></TextEquiv></TextLine><TextLine custom="readingOrder {index:16;}" id="r1l19"><Coords points="57,1834 147,1843 176,1868 178,1868 179,1868 229,1879 230,1879 312,1870 409,1891 681,1906 682,1906 743,1897 822,1901 824,1901 825,1901 893,1882 1159,1898 1162,1868 1163,1834 928,1819 926,1819 925,1819 891,1834 843,1818 841,1818 840,1818 783,1831 705,1821 704,1821 638,1830 606,1821 605,1821 603,1821 542,1827 517,1815 515,1815 514,1815 513,1815 489,1824 309,1815 64,1771 59,1806 57,1834"/><Baseline points="61,1807 116,1823 171,1835 226,1846 281,1855 336,1861 391,1866 446,1869 501,1871 556,1872 612,1872 667,1871 722,1870 777,1868 832,1867 887,1866 942,1865 997,1864 1052,1865 1107,1866 1163,1869"/><TextEquiv><Unicode>mostrabuntur. Dico autem co~munia vt om~ia affirmare aut </Unicode></TextEquiv></TextLine><TextLine custom="readingOrder {index:17;}" id="r1l20"><Coords points="57,1954 197,1973 223,1996 223,1998 225,1998 226,1998 228,1998 258,1992 271,2001 273,2001 274,2001 476,2012 477,2012 543,1999 575,2015 577,2015 578,2015 580,2015 597,2006 651,2022 653,2022 654,2022 743,2003 809,2015 811,2015 894,2009 931,2020 932,2020 934,2020 935,2020 936,2020 958,2006 1102,2014 1154,2037 1162,1967 1162,1926 1015,1917 1014,1917 970,1925 916,1913 915,1913 913,1913 871,1925 824,1911 822,1911 821,1911 819,1911 787,1925 730,1916 729,1916 727,1916 694,1925 656,1917 654,1917 653,1917 651,1917 637,1926 561,1926 271,1908 223,1887 222,1887 220,1887 163,1889 103,1865 102,1865 64,1863 61,1904 57,1954"/><Baseline points="62,1905 117,1921 172,1933 227,1944 282,1952 337,1959 392,1963 447,1967 502,1969 557,1970 612,1970 667,1970 722,1969 777,1968 832,1966 887,1965 942,1964 997,1964 1052,1965 1107,1966 1163,1968"/><TextEquiv><Unicode>negare. Genera enim eorum que altera sunt et alia quidem in</Unicode></TextEquiv></TextLine><TextEquiv><Unicode>tibus Hi enim quidem veri sunt alijfalsi. Et si nanqʒ sit veru~
est ex falsis sylogisare sed semel hoc fit vt si a de c veruʒ sit. me
dium autem b falsum. neqʒ enim a in b est. neqʒ b in c. Sed
si barum media accipiuntur propositiones false erunt. ex eo
ꝙ omnis conclusio falsa est ex falsis. et vera ex veris. Altere
autem sunt vere et false postea neqʒ false ex eisdem sunt. fal
sas ad inuicem et contrarias. et impossibiles simul esse vt
iustitiam esse iniustitiam aut timorem et hominem equum
aut bouem aut equale maius. Aut minus ex positis auteʒ
sic est. Neqʒ enim omnium verorum principia sunt eadem al
tera enim multorum genere principia sunt. neqʒ conueniunt ⁊
vnitates punctis non conueniu~t he quidem non habent posi
tionem Illa autem habent Necesse est autem aut immedia
connuenire aut in sursum aut deorsm. Aut interius ha=
bere hos illos autem exterius terminorum. Sed neqʒ co~=
munium principioruʒ possunt esse aliqua ex quibus om~ia de 
mostrabuntur. Dico autem co~munia vt om~ia affirmare aut 
negare. Genera enim eorum que altera sunt et alia quidem in</Unicode></TextEquiv></TextRegion></Page></PcGts>