2863 3689
392 249 2289 354 penitus reservando ac cum omnibus villarum dictarum scultetis advocatis ser
406 304 2274 481 vitoribus juratis kmethonibus thabernatoribus ortulanis inquilinis censibus
413 368 2301 475 ffructibus redditibus dationibus donationibus laboribus honoribus stationibus omnibus et earum
420 421 2333 576 ducturis venacionibus omnium animalium et aucupacionibus awium campis agris
419 496 2231 587 cultis et incultis pratis graminibus graminetis piscinis silvis borris nemoribus
410 558 2288 677 gaiis sareptis pinetis indagnibus quercetis virgultis dumetis apistretis melli
425 621 2352 729 ficiis pommeriis lacubus fluminibus fluviis piscuis et eorum piscaturis rippis
434 700 2378 776 torrentibus gurgitibus riwlis aquis et earum decursibus antris paludinibus paludibus
311 727 2349 895 vallibus montibus collibus molendinis aquaticis seu ventilibus et equinis constructis
423 787 2366 921 et construendis ac eorum emolimentis areis domibus castris fertaliciis ortis
402 855 2256 978 allodiis prediis jure patronatus ecclesiarum et generaliter cum omnibus dictarum
371 925 2310 1040 villarum statutis et ordinibus nostris regalibus ac singulis utilitatibus et pro
380 984 2270 1088 ventibus universis quibuscumque dicantur nominibus seu censeantur vocabulis
435 1040 2249 1142 spiritualibus ita longe late prout cicrumferencialiter prefate ville Trawlicze et
368 1104 2334 1216 Trawka in suis metis finibus limitibus terminis et graniciebus sunt distincte et limitate
396 1167 2341 1278 per ipsum Johannem de Pothkanye et suis legittimos successores habendas tenendas
432 1225 2337 1329 comutandas utifruendas alienandas arendandas pacifice et quiete pleno jure hereditario
402 1290 2243 1414 ac in perpetuum possidendas et in usus suos prout sibi et suis successoribus
414 1349 2270 1476 legittimis iuxta beneplacitum utilius et melius videbitur expediere convertendas isto
420 1407 2228 1534 eciam adiecto et expresso quod advocati et sculteti harum predictarum villarum
420 1478 2312 1596 cum ipsorum tota ac plena facultate tenentur jus sustinere coram suo dominio
369 1543 2265 1651 hereditario et totaliter juri respondere ad nullum jus aliud nec nostrum
407 1604 2329 1753 regale se advocari et excipi debeantur harum quibus testimonio litterarum sigillum
414 1675 2261 1804 nostrum presentibus est appensum actum et datum Cracovie feria secunda in crastino
330 1735 2306 1871 Visitacionis Beati Viginis Marie anno Domini millesimo quadringentesimo quinquagesimo secundo presentibus reverendissimis
379 1798 2273 1948 magnificis et generosis Sbigneo miseracione divina tituli sancte Prisce presbitero
406 1865 2258 1997 cardinali Cracoviensi Johanne Wladislaviensi episcopo Johanne de Czyszow castellano et
408 1925 2318 2085 capitaneo Cracoviensi Luca de Gorka Poznaniensi Johanne de Thanczin Cracoviensi
375 1983 2338 2117 Johanne de Olesthnicza Sandomiriensi Andrea de Sprowa Leopoliensi
398 2055 2297 2203 palatinis Hyncza de Rogow Resperiensi et regni Polonie ...ry
414 2118 2342 2240 thesaurario et Gregorio de Kramcze Radomiensi castellanis et his
432 2159 2417 2325 quampluribus circa premissa testibus fidedignis per manus magnificorum Johannis
423 2233 2383 2382 de Conyeczpole cancellarii et Petri de Sczekoczin vicecancellarii Rei Publice nobis
406 2292 863 2397 sincere dilectissimorum
1574 2405 2252 2548 relatio eiusdem magnifici
1605 2505 2357 2620 Johannis de Conyeczpole
1640 2564 2107 2702 Rei cancellarii
