2863 3689
599 1708 2547 1902 Privilegium dominus Rex comitat villas cum nobili
1043 1802 1787 1914 Pothkansky Johanne
1787 1820 2685 1957 Crawlicze Trawoka pro Sucha et Suthska Wolya
426 1776 2545 2067 In nomine Domini Amen ad perpetuam rei memoriam convenit actus hominum qui
607 1944 2466 2046 vetustate cadunt et successu temporum in oblivionem vertuntur solitis scripturis
633 2010 2479 2108 et testium fundamentis comendare in quorum custodia nullis marcescunt temporibus
642 2056 2526 2240 sed semper jugi perhennacione memorie incomutabilis servantur proinde nos Kasimirus
654 2130 2472 2245 Dei gratia rex Polonie necnon terrarum Cracovie Sandomirie Siradie Lancicie
631 2178 2565 2311 Cuyawie magnus dux Lythwanie dominus et heres Russie significamus tenore presencium
666 2258 2537 2358 quibus expedit universis tam presentibus quam futuris et presencium noticiam habituris quomodo
652 2317 2466 2405 habito diligenti respectu bonorum nostrorum in regno nostro Polonie utilitatem et
674 2384 2442 2477 comodum comendare et ad condiciones ac status reducere meliores villas nostras
603 2449 2460 2548 regales videlicet Crawlicze et Trawoka in terra Sandomiriensi et districtu
648 2499 2415 2609 Radomiensi sitis pro villis Sucha et Suthska Wola wulgaliter nucupatas
563 2561 2455 2679 nobilis Johannes de Pothkanye hereditariis et patrimonii veri et legittimi
639 2627 2412 2740 sui in terra et districtu prefatis jacentibus que plus ex propinquitate locorum et
636 2691 2443 2780 ad alia sua comoditates et utilitates dinoscuntur pertinere et ad faciliorem
591 2756 2527 2875 providenciam et curam spectant et pertinent ipsi prefato Johanni de Poth
632 2819 2406 2911 kanye et suis legittimis successoribus ex consilio prelatorum et baronum nostrorum
657 2876 2397 2990 et unanimi voluntate et conssensu terram pro terra et hereditates pro here
660 2940 2444 3056 ditatibus seu villas pro villis commutavimus et presentibus in perpetuum damus
675 2995 2486 3082 et permutamus ac in patrimonium verum proprium et legittimum convertimus
663 3055 2444 3166 cum omni juri ac dominio et proprietate prout nos habuimus villas
645 3104 2374 3237 Crawlicze et Travoka predictas tenuimus jure hereditario et possedimus
625 3171 2421 3313 nichil juris dominii et proprietatis in eisdem pro nobis et successoribus nostris
