2597 3500
948 272 1776 563 Littera Regis Hungarie
978 541 1802 664 Regi Polonie missa etc
504 438 2238 821 Ladislaus Dei gracia Hungarie Bohemie Dalmacie Croacie etc Rex Au
602 789 2231 861 strie Dux Marchioque Moravie etc Serenissimo principi domino Kazimiro
616 851 2235 925 Eadem gracia Regi Polonie magno duci Lithwanie heredique Russie Affini et
608 902 2251 998 fratri nostro carissimo Salutem et fraterne dilecionis juge augmentum Serenissime princeps
597 963 2244 1058 Postquam Civitas Wratislaviensis veterum antecessorum nostrorum concessione per longa tempora in
612 1021 2259 1127 festo Nativitatis Sancti Johannis Baptiste nundinis annuis quibus nunc utitur
578 1079 2253 1168 usa sint inclite memorie Serenissimus frater vester civitati Poznaniensi annuas
614 1137 2273 1217 nundinas eadem die concessit ex hoc utrique Civitati incommodum et damnum non leve
606 1190 2274 1271 exoritur nam dum per concursum civitates ipse se valde impedintur neutra frequentes
620 1244 2276 1335 sed utraque tenues et nudas habet vellemus Civitatis nostre utilitati consulere Id quod
589 1291 2267 1382 magis desideramus quod cum commoditate Poznaniensis civitatis fieri posse conspicimus
626 1349 2333 1446 si Poznanienses nundinas fraternitas vestra ad aliam diem conferret esset utriusque civitatis
632 1399 2301 1495 opportunitati consultum negociatores em̄ qui nunc ambas adeundo se dividunt tunc
556 1452 2325 1539 uniti in ipsarum qualibet convenirent Ideo fraternitatem vestram rogamus ut Poznanienses nundinas
639 1502 2270 1596 tam utiliter permutet compendium quod hoc non parvum civitatibus ipsis nostro intuitu facere
590 1564 2310 1643 velit erit hoc nobis non minus gratum quam si totum Wratislaviensem comodo cederet
612 1613 2287 1706 quibus beneficio vestre fraternitatis pristinam nundinarum frequenciam restitutam esse libenter audire vellemus
545 1644 2339 1768 Datum Wienne die quarta mensis Augusti Regnorum nostrorum Anno Hungarie etc decimo
617 1748 1196 1818 septimo Bohemie vero tercio
1630 1717 2053 1772 Ad mandatum domini
1664 1765 2000 1852 Regis in consilio
854 1833 1339 1985 Brzecislaus
559 1964 2238 2058 Datum in Brzescze feria tercia ante Sancti Allexii Anno Domini 1456 fa
605 2036 2259 2135 moso Brzeczyslao de Lopucz dominis Rex se obligant soluturum pro festo Sancti
582 2112 2263 2218 Nicolai proxime venturo Tricentos et quinquaginta florenos Hungaricales
597 2177 2314 2307 in verbo Regio quos intercessit pro Beyczsky pro annis apud eum pro expedicione
605 2257 1073 2345 stipendariorum receptis
970 2318 1762 2467 Przeczslaus Podolynyecz
356 2172 2310 2574 Kazimirus Dei gracia Rex Polonie Significamus tenore presencium quibus expedit universis etc
617 2529 2240 2640 quoniam frater cum generoso Przeczslao de Dmoschicze familiare nostro fideli dilecto
599 2591 2304 2706 Aigida diligenti et exacta racione eidem cum committiva sua in Sex milibus
599 2662 2262 2766 florenorum et quingentis florenis nichil magis aut minus defalcatis defalcandis et
606 2730 2333 2830 perceptis per nos eidem traditis et assignatis remansimus obligati de quibus quidem Sex
606 2781 2301 2886 milibus et quingentis florenis volentes ipsum reddere cerciorem sibi Castra nostra Lubowla
602 2841 2315 2952 et Podelynyecz una cum Civitatibus opidis villis prediis allodiis censibus utilitatibus
597 2908 2277 3029 fructibus redditibus proventibus gaiis silvis agris pratis campis aruis pascuis
589 2973 2342 3077 piscinis piscaturis fluvis fluminibus torrentibus rivis rivulis nemoribus bonis indaginibus
588 3045 2322 3142 virgultis sareptis venacionibus aucupacionibus nūan molendinis structis et struendis
594 3094 2267 3199 et generaliter universis et singulis obvencionibus et emolumentis nullis penitus exclusis
558 3149 2348 3287 condependentis appendiis pertinentis attinentis coherentis et connexis quibuscunque nuncupentur
