2625 3500
345 342 2264 437 nominibus inscripsimus obligavimus et dedimus inscribimusque obligamus damus donamus
342 409 2289 497 conferimus et largimur tenore presencium mediante tali tamen pacto et condicione interveniente et mediante
337 471 2275 560 Quod quia Castra predicta Lubowla et Podolinyecz una cum Civitatibus opidis villis ad ipsa
359 539 2251 645 quomodolibet spectantibus nobis pro censu et dacione annua in tribus milibus singulis annis salvere
369 603 2286 691 et dare tenebantur Non valentes tamen propter gwerrarum stridorem et aliorum incomodorum
369 659 2274 760 insultus onus solucioni hujusmodi annue supportant illis ad certum tempus mille florenorum
365 735 2341 823 hujus pense indulsimus Quaquidem libertate durante illis per nos concessa ipse Przeczslaus
356 787 2255 880 dictum ...cuam Sczepusiensem in dictis pecuniis seu summis florenorum tenendo a festo Sancti
346 840 2283 944 Johannis Baptiste proxime venturo usque ad aliud sequens festum ejusdem nullos fructus
368 919 2279 1017 redditus census et proventus defalcabit Sed omnes pro conservacione et fulcione Castrorum
346 974 2302 1089 convertere tenebitur et omnimodam habeat facultatem excepto argento quindecim marcis quod pro nobis
378 1023 2314 1162 semper liberum pro singulis annis reservamus post vero unius anni a festo Johannes
369 1102 2312 1230 proxime venturo incipientis decursum et durante hujusmodi libertate Sczepusiensi super unum
382 1177 2313 1280 mille florenorum per nos graciose concessa ipse Przeczslaus ducentos florenos super summamque sex millium
384 1235 2349 1343 et quingentorum florenorum de proventibus hujus terre Sczepusiensis et Castrorum defalcabit et tenebitur
378 1296 2292 1412 defalcari decem et octo vero centa florenorum pro quolibet anno infra tempus libertatis pro conservacione
374 1367 2304 1470 Castrorum convertere tenebitur et erit astrictus Expirata vero Sczepusiensi per nos concessu libertate
372 1429 2310 1536 ap̕e Przeczslaus duodecim centa florenorum super summam debiti sui videlicet sex milium et quingentorum
369 1497 2289 1620 florenorum defalcari tenebitur et debit decem et octo vero centos florenorum Castra et fortalicia
384 1571 2330 1665 ejusdem terre conservabit fulcibet roget diriget et gubernabit ubi vero in conservacione Castrorum
366 1634 2327 1733 hujusmodi predictorum decem et octo centis florenorum sufficere non posset aut quomodolibet contentari non valeret
388 1698 2337 1797 Extunc ipse Przeczslaus ante quartale unius anni et priusquam quartale anni incipiet
387 1756 2322 1860 ejusdem ultimum tenebitur et debit nos avisare et intimari nosque eo quod non poterit
393 1821 2304 1921 hujusmodi et tanta summa Castra predicta conservari et servari informare Nos tamen tenore presencium
370 1893 2340 2033 promittimus et spondemus in verbo nostro Regio propterea ab eo Castra hujusmodi simul cum attinente
405 1961 2332 2063 eorundem recipere suscipere et capere ac eum ab eisdem absolvere Summam nihilominus in qua
408 2021 2366 2133 eidem remanserimus obligati integre solvendo aut ad illius solucionem nos eidem obligantes
393 2091 2301 2196 vel saltem ipsum de ea certificantes et assecurantes Et postquam ipsum assecuraverimus de
414 2151 2357 2276 pecuniis suis et certum reddiderimus in solucione Extunc ipse sine ulla resistencia et
401 2225 2339 2325 abs quovis colore exquisito accione et dilacione quibuscunque procul metis tenebitur et debebit
411 2290 2363 2406 ipse aut succesores sui nobis aut succesoribus nostris predicta Castra aut hiis quibus aut
393 2363 2324 2463 Cui nos personaliter mandaverimus et commiserimus condescendere dimittere et resignare sub fide
402 2440 2307 2531 et honore ac juramento prestito corporali Quod vero ubi facere seu quovismodo implere
404 2500 2313 2592 non maverimus aut neglexerimus Extunc ipse Przeczslaus eadem bona nostra Castra
404 2562 2334 2658 Civitates opida et villas terre Sczepusiensi et quasuis alias possesiones adeo spectantes
398 2635 2307 2725 et pertinentes taliter tenere regere dirigere et gubernare debebit qualiter et quomodo melius et utilius
396 2687 2362 2798 eadem posset conservari et preservari residentatem non super delictum suum defalcare et computare
399 2776 2327 2860 aut vobiscum sine quovis diffugio concordiam aliam facere specialem seu condictamen
395 2838 2325 2939 quo posset contentari ad que omnia facienda ipse Przeczslaus aut Is qui de voluntate
405 2906 2318 3000 ejus et consensu nostra et successorum nostrorum ad id voluntate et consensu similiter accedentibus
408 2969 2288 3092 litteram nostram habuit plenam habebit facultatem hac tamen specialite expresso quod ubi alique
360 3042 2347 3144 gwerre bella aut lites per quempiiam sine tamen culpa accione sine causa ipsius
396 3108 2357 3214 Przeczslaus vel successorum suorum adversus nos Regnumque nostrum aut terras Sczepusienses
406 3184 2330 3323 quomodolibet inchoarentur quibus ipsa terra Sczepusiensis dampnificaretur in suisque
