2597 3500
456 318 2289 432 anichilaretur proventibus pro cujus tuicione et defensa ipse Przeczslaus tenetur et
465 392 2289 501 debet insistere omnique modo resistere et causa Extunc durante hujusmodi gwerra
480 455 2331 577 ipse Przeczslaus nullas pecunias super debitum hoc tenebitur defalcare seu quo
467 528 2348 646 vismodo ponere solum pro conservacione Castrorum tuicione defensa et resistencia
470 595 2294 706 easdem ꝯutē Quasquidem gwerras aut earum acciones ipse Przeczslaus et sui
482 656 2314 772 succesores non debent neque eis licebit inchoare monere incipere aut quomodolibet
464 725 2262 837 prosequi sine mandato voluntate et consensu nostris specialibus directe
465 790 2320 901 vel indirecte occulte vel manifeste per se aut per alium Sed primum debit
460 862 2275 971 nos avisare et tunc juxta commissionem vel et informacionem nostras
446 921 2270 1040 et non alias facere et attemptare sibi licebit Cessantibus tamen gwerres
464 1000 2289 1122 simil̄io tenebitur ut prescriptum est complere et defalcare usque ad totalem
483 1065 2292 1189 Sex millium et quingentorum florenorum extenuacionem et percepcionem quibus
446 1144 2252 1267 perceptis aut alibi per nos demonstratis seu obligatis dictorum Castrorum possessio
459 1210 2265 1327 ad nos absque difficultate devolvetur et redibit Casu vero si quod absit
439 1277 2239 1385 ipsum Przeczslaum de hac luce decedere continget Extunc exnunc debet jam
436 1355 2275 1476 providere et disponere ut successor suas quem ipse deputaverit filio nobis
438 1431 2274 1554 promittat et juret de fidelitate cum Castris predictis harum quibus
457 1488 2270 1632 Sigillum nostrum presentibus est subappensum testimone litterarum Datum in Pyotrkov
449 1558 1850 1658 die dominico proximo post Sanctum Vitalis Anno Domini 1456
1865 1630 2207 1730 Relacio domini vicecancellarii
942 1655 1849 1826 Littera Marini Ponciani
1063 1800 1838 1897 Ex urbe Romana
449 1813 2187 1959 Reverende ac prestantissime pater et domine humilima premissa recommen
475 1911 2141 2009 Dacione Dudum siquidem vestre celeberrime venerabili pro sua benignitate in
493 1960 2159 2070 perpetuum obsequi institui Quamobrem nimirum si ab ipsius mulcetri
548 2014 2247 2133 tate attractus ad eam undique confugere minime vereor Cum et Catl̄m
527 2091 2227 2174 annō racione carentem accerbas verberaciones oblivioni tradidisse et unico
498 2132 2265 2247 verbo blandido ad dominum properare ocultate fide plerique percepi Solem singula
521 2216 2189 2288 rissime domine racionabiliter petita cum fructum comoditati ac exalta
509 2269 2212 2377 cionis afferant nequaquam reici Sed libenter et benigno assensu concedi
525 2336 2190 2425 et admitti pluries in omnibus dominiis et Regnis Serenissimi princi
520 2405 2143 2487 pis hujus Incliti Regni nostrarum indulgentiarum execucionem
510 2464 2161 2548 admitti Supplicavimus Sed cum nondum pacis conclusionem habueratis
527 2522 2156 2619 pacienciam haberemus iniuxtistis quod racionabile ac congruum esse com
506 2586 2135 2686 proban̄ Noster dominus una cum tota sua comittiva de Regno hoc di
527 2641 2153 2753 scessit et solus ego servitor vester simul cum uno tanto socio pacem pre
514 2710 2180 2808 stolantes hic apud Illustrem dominam Annam Mazovie Ducissam remansa
506 2773 2214 2884 Qui pacis conclusionem intelligens qua Serenissimum Regem exaltari ac
516 2833 2249 2954 Regnum Inclitum hoc ab omni vexacione semoveri credimus inefabiliter
504 2907 2150 3027 etati sumus et ad v v cum presentibus nuncium dirigere decrevimus
486 2982 2183 3123 Quarum tenore magis quam unquam humillime supplicamus coram ex
