2625 3500
420 300 2109 407 rellentissima Serenitate Domini Regis pro nobis assistere velitis libeat sue
417 375 2117 458 Serenitati in ducatu Lythvanie nostri officii concedere execucionem de
431 439 2117 517 quo ducatu ut michi fertur pro Castris pro Prussie ac Captivis
428 480 2115 569 Regni redimendis nullum accepit subsidium Quod si sua Serenitas fecerit
447 537 2140 632 comoditatem et exaltacionem inde suscepturam esse polliceor Nam omnis fruc
440 597 2148 690 tus ibi colligendus in duabus partibus equalibus dividatur contentamur quarum
401 665 2039 747 una pro suis captivis redimendis applicetur et Reliqua pro nostris
437 718 2092 810 servetur Quod si de jure fieri potest in nullo serenissimi Regis derogando
439 781 2084 864 honori facile walde esset ostendere sed gracia brevitatis omitto de
437 838 2145 936 qua parte sua serenitas domino concedente pingwere capere fructum Necnon
461 894 2112 988 et exaltacionem cum rebus spiritualibus favere et miseris christianis na
447 967 2098 1044 captivis misereri videbitur Nec fas est dicere quod s s quicquid
446 1011 2087 1112 ceteri principes non faciunt abhorreat facere Nam tempore Nicolai quinti
449 1074 2110 1167 Rex Anglie medicē fructus cums... Jubilei quem in subsidium Reli
404 1139 2097 1241 gionis sancti Johannis sp̄ concesserat ut in Regno suo admittent
413 1207 2122 1297 accepit et pro se retinuit Rex Francie prefati domini Nicolai tempore cujusdem
366 1262 2075 1376 Jubilei pro reparacione sancti Pauli concessi priusquam admittent media
419 1327 2093 1437 pars pro ipsa disponentur volint de qua re ambas laudari principio
435 1390 2057 1502 quia racionabile esse videtur ut in comoditatis quam propter in
421 1453 2131 1552 dulgenciarum execucionem paciuntur in aliquo accipiant retinamē
414 1504 2098 1610 Ideo ne vestram p ac d negocium hoc promovere pigeat Nam laudem
441 1584 1215 1671 et mercedem a Deo recipietis
