<?xml version="1.0" encoding="UTF-8" standalone="no"?><PcGts xmlns:xsi="http://www.w3.org/2001/XMLSchema-instance" xsi:schemaLocation="http://schema.primaresearch.org/PAGE/gts/pagecontent/2019-07-15 http://schema.primaresearch.org/PAGE/gts/pagecontent/2019-07-15/pagecontent.xsd" xmlns="http://schema.primaresearch.org/PAGE/gts/pagecontent/2019-07-15"><Metadata><Creator>prov=University of Rostock/Institute of Mathematics/CITlab|PLANET AI GmbH/Tobias Gruening/tobias.gruening@planet-ai.de:name=/net_tf/LA73_249_0mod360.pb:de.uros.citlab.segmentation.CITlab_LA_ML:v=2.6.7
Transkribus</Creator><Created>2021-11-22T14:18:04</Created><LastChange>2022-12-09T16:11:46</LastChange><Comments/></Metadata><Page imageFilename="839309_0033_31120478.jpg" imageHeight="2854" imageWidth="4076"><ReadingOrder><OrderedGroup caption="Regions reading order" id="ro_1670598706827"><RegionRefIndexed index="0" regionRef="TextRegion_1637850258216_338"/><RegionRefIndexed index="1" regionRef="TextRegion_1637850262890_344"/><RegionRefIndexed index="2" regionRef="TextRegion_1637850269093_350"/><RegionRefIndexed index="3" regionRef="TextRegion_1637850269093_349"/><RegionRefIndexed index="4" regionRef="TextRegion_1637850275762_357"/><RegionRefIndexed index="5" regionRef="TextRegion_1637850280502_363"/><RegionRefIndexed index="6" regionRef="TextRegion_1637850287513_370"/><RegionRefIndexed index="7" regionRef="TextRegion_1637850287513_369"/><RegionRefIndexed index="8" regionRef="region_1637942418980_197"/></OrderedGroup></ReadingOrder><TextRegion custom="readingOrder {index:0;}" id="TextRegion_1637850258216_338" orientation="0.0" type="paragraph"><Coords points="672,361 1872,361 1872,596 672,596"/><TextLine custom="readingOrder {index:0;}" id="r1l1"><Coords points="689,395 748,395 807,395 866,395 925,395 984,395 1043,396 1103,397 1162,397 1221,397 1280,398 1339,398 1398,399 1457,400 1517,401 1576,401 1635,403 1694,404 1753,406 1812,407 1872,409 1872,375 1812,373 1753,372 1694,370 1635,369 1576,367 1517,367 1457,366 1398,365 1339,364 1280,364 1221,363 1162,363 1103,363 1043,362 984,361 925,361 866,361 807,361 748,361 689,361"/><Baseline points="689,384 748,384 807,384 866,384 925,384 984,384 1043,385 1103,386 1162,386 1221,386 1280,387 1339,387 1398,388 1457,389 1517,390 1576,390 1635,392 1694,393 1753,395 1812,396 1872,398"/><TextEquiv><Unicode>na intelligendum est dummodo ipsi fuerint extra eclipticam verus locus pla</Unicode></TextEquiv></TextLine><TextLine custom="readingOrder {index:1;}" id="r1l2"><Coords points="692,445 750,445 809,445 868,445 926,445 985,445 1044,445 1102,446 1161,446 1220,446 1279,448 1337,448 1396,449 1455,449 1513,451 1572,452 1631,452 1689,454 1748,455 1807,455 1866,457 1866,423 1807,421 1748,421 1689,420 1631,418 1572,418 1513,417 1455,415 1396,415 1337,414 1279,414 1220,412 1161,412 1102,412 1044,411 985,411 926,411 868,411 809,411 750,411 692,411"/><Baseline points="692,434 750,434 809,434 868,434 926,434 985,434 1044,434 1102,435 1161,435 1220,435 1279,437 1337,437 1396,438 1455,438 1513,440 1572,441 1631,441 1689,443 1748,444 1807,444 1866,446"/><TextEquiv><Unicode>nete in celo ostenditur per lineam euntem de centro mundi per centrum corpo</Unicode></TextEquiv></TextLine><TextLine custom="readingOrder {index:2;}" id="r1l3"><Coords points="699,493 757,493 816,493 874,493 933,494 992,494 1050,494 1109,494 1168,496 1226,496 1285,497 1344,497 1402,499 1461,499 1520,500 1578,502 1637,502 1696,503 1754,503 1813,505 1872,505 1872,471 1813,471 1754,469 1696,469 1637,468 1578,468 1520,466 1461,465 1402,465 1344,463 1285,463 1226,462 1168,462 1109,460 1050,460 992,460 933,460 874,459 816,459 757,459 699,459"/><Baseline points="699,482 757,482 816,482 874,482 933,483 992,483 1050,483 1109,483 1168,485 1226,485 1285,486 1344,486 1402,488 1461,488 1520,489 1578,491 1637,491 1696,492 1754,492 1813,494 1872,494"/><TextEquiv><Unicode>ris planete. Sed in zodiaco ostenditur per circulum ductum per polos zo</Unicode></TextEquiv></TextLine><TextLine custom="readingOrder {index:3;}" id="r1l4"><Coords points="701,542 759,542 817,542 875,544 933,544 992,544 1050,544 1108,545 1166,545 1224,545 1283,547 1341,547 1399,548 1457,548 1515,550 1574,550 1632,551 1690,553 1748,553 1806,554 1865,556 1865,522 1806,520 1748,519 1690,519 1632,517 1574,516 1515,516 1457,514 1399,514 1341,513 1283,513 1224,511 1166,511 1108,511 1050,510 992,510 933,510 875,510 817,508 759,508 701,508"/><Baseline points="701,531 759,531 817,531 875,533 933,533 992,533 1050,533 1108,534 1166,534 1224,534 1283,536 1341,536 1399,537 1457,537 1515,539 1574,539 1632,540 1690,542 1748,542 1806,543 1865,545"/><TextEquiv><Unicode>diaci et per centrum planete. Quicunque.n.punctus ecliptice a tali circulo ta</Unicode></TextEquiv></TextLine><TextLine custom="readingOrder {index:4;}" id="r1l5"><Coords points="698,593 756,593 814,593 872,593 930,593 988,593 1046,593 1104,595 1162,595 1220,595 1279,596 1337,596 1395,596 1453,598 1511,598 1569,599 1627,599 1685,601 1743,601 1801,602 1860,604 1860,571 1801,569 1743,568 1685,568 1627,566 1569,566 1511,565 1453,565 1395,563 1337,563 1279,563 1220,562 1162,562 1104,562 1046,560 988,560 930,560 872,560 814,560 756,560 698,560"/><Baseline points="698,582 756,582 814,582 872,582 930,582 988,582 1046,582 1104,584 1162,584 1220,584 1279,585 1337,585 1395,585 1453,587 1511,587 1569,588 1627,588 1685,590 1743,590 1801,591 1860,593"/><TextEquiv><Unicode>ctus fuerit ipse est verus locus zodiaci planete habentis latitudinem etc.</Unicode></TextEquiv></TextLine><TextEquiv><Unicode>na intelligendum est dummodo ipsi fuerint extra eclipticam verus locus pla
nete in celo ostenditur per lineam euntem de centro mundi per centrum corpo
ris planete. Sed in zodiaco ostenditur per circulum ductum per polos zo
diaci et per centrum planete. Quicunque.n.punctus ecliptice a tali circulo ta
ctus fuerit ipse est verus locus zodiaci planete habentis latitudinem etc.</Unicode></TextEquiv></TextRegion><TextRegion custom="readingOrder {index:1;}" id="TextRegion_1637850262890_344" orientation="0.0" type="paragraph"><Coords points="672,596 1872,596 1872,935 672,935"/><TextLine custom="readingOrder {index:0;} heading {offset:0; length:15;}" id="line_1637939112897_24"><Coords points="687,600 1344,600 1344,691 687,691"/><TextEquiv><Unicode>Centrum medium.</Unicode></TextEquiv></TextLine><TextLine custom="readingOrder {index:1;}" id="r1l6"><Coords points="1343,645 1369,645 1395,645 1421,645 1447,646 1473,646 1499,646 1525,647 1551,648 1577,648 1604,648 1630,648 1656,649 1682,649 1708,649 1734,649 1760,649 1786,649 1812,649 1838,649 1865,649 1865,619 1838,619 1812,619 1786,619 1760,619 1734,619 1708,619 1682,619 1656,619 1630,618 1604,618 1577,618 1551,618 1525,617 1499,616 1473,616 1447,616 1421,615 1395,615 1369,615 1343,615"/><Baseline points="1343,635 1369,635 1395,635 1421,635 1447,636 1473,636 1499,636 1525,637 1551,638 1577,638 1604,638 1630,638 1656,639 1682,639 1708,639 1734,639 1760,639 1786,639 1812,639 1838,639 1865,639"/><TextEquiv><Unicode>Est tertius terminus quo utuntur</Unicode></TextEquiv></TextLine><TextLine custom="readingOrder {index:2;}" id="r1l7"><Coords points="683,673 742,671 801,670 860,669 919,669 978,670 1037,672 1097,674 1156,676 1215,679 1274,682 1333,685 1392,688 1451,691 1511,694 1570,696 1629,699 1688,699 1747,700 1806,700 1866,699 1866,669 1806,670 1747,670 1688,669 1629,669 1570,666 1511,664 1451,661 1392,658 1333,655 1274,652 1215,649 1156,646 1097,644 1037,642 978,640 919,639 860,639 801,640 742,641 683,643"/><Baseline points="683,663 742,661 801,660 860,659 919,659 978,660 1037,662 1097,664 1156,666 1215,669 1274,672 1333,675 1392,678 1451,681 1511,684 1570,686 1629,689 1688,689 1747,690 1806,690 1866,689"/><TextEquiv><Unicode>practicantes motum. et quid sit patet in</Unicode></TextEquiv></TextLine><TextLine custom="readingOrder {index:3;}" id="r1l8"><Coords points="692,737 750,737 809,739 867,739 926,739 985,740 1043,740 1102,741 1161,742 1219,742 1278,743 1337,744 1395,745 1454,746 1513,746 1571,747 1630,748 1689,748 1747,749 1806,749 1865,749 1865,715 1806,715 1747,715 1689,714 1630,714 1571,713 1513,712 1454,712 1395,711 1337,710 1278,709 1219,708 1161,708 1102,707 1043,706 985,706 926,705 867,705 809,705 750,703 692,703"/><Baseline points="692,726 750,726 809,728 867,728 926,728 985,729 1043,729 1102,730 1161,731 1219,731 1278,732 1337,733 1395,734 1454,735 1513,735 1571,736 1630,737 1689,737 1747,738 1806,738 1865,738"/><TextEquiv><Unicode>littera qualiter est ipse investigatur et per subtractionem augis planete de ipsius</Unicode></TextEquiv></TextLine><TextLine custom="readingOrder {index:4;}" id="r1l9"><Coords points="692,788 750,787 808,788 866,788 924,788 983,788 1041,790 1099,790 1157,791 1215,791 1274,793 1332,793 1390,794 1448,794 1506,796 1565,796 1623,796 1681,797 1739,797 1797,797 1856,797 1856,764 1797,764 1739,764 1681,764 1623,763 1565,763 1506,763 1448,761 1390,761 1332,760 1274,760 1215,758 1157,758 1099,757 1041,757 983,755 924,755 866,755 808,755 750,754 692,755"/><Baseline points="692,777 750,776 808,777 866,777 924,777 983,777 1041,779 1099,779 1157,780 1215,780 1274,782 1332,782 1390,783 1448,783 1506,785 1565,785 1623,785 1681,786 1739,786 1797,786 1856,786"/><TextEquiv><Unicode>medio motu. Accipitur etiam hic centrum in. 2a. significatione prout.s.nominat ar</Unicode></TextEquiv></TextLine><TextLine custom="readingOrder {index:5;}" id="r1l10"><Coords points="695,836 753,836 811,836 869,837 927,838 986,838 1044,838 1102,839 1160,839 1218,839 1277,839 1335,841 1393,841 1451,842 1509,842 1568,844 1626,844 1684,845 1742,847 1800,848 1859,850 1859,817 1800,815 1742,814 1684,812 1626,811 1568,811 1509,809 1451,809 1393,808 1335,808 1277,806 1218,806 1160,806 1102,806 1044,805 986,805 927,805 869,804 811,803 753,803 695,803"/><Baseline points="695,825 753,825 811,825 869,826 927,827 986,827 1044,827 1102,828 1160,828 1218,828 1277,828 1335,830 1393,830 1451,831 1509,831 1568,833 1626,833 1684,834 1742,836 1800,837 1859,839"/><TextEquiv><Unicode>cum zodiaci non punctum medium ipsius circuli centrum etiam verum patet sicut dicit littera</Unicode></TextEquiv></TextLine><TextLine custom="readingOrder {index:6;}" id="r1l11"><Coords points="695,887 752,887 810,887 868,887 926,887 984,887 1042,887 1100,889 1158,889 1216,889 1274,889 1331,889 1389,890 1447,890 1505,892 1563,892 1621,893 1679,894 1737,895 1795,896 1853,898 1853,864 1795,862 1737,861 1679,860 1621,859 1563,858 1505,858 1447,856 1389,856 1331,855 1274,855 1216,855 1158,855 1100,855 1042,853 984,853 926,853 868,853 810,853 752,853 695,853"/><Baseline points="695,876 752,876 810,876 868,876 926,876 984,876 1042,876 1100,878 1158,878 1216,878 1274,878 1331,878 1389,879 1447,879 1505,881 1563,881 1621,882 1679,883 1737,884 1795,885 1853,887"/><TextEquiv><Unicode>et ista duo centra non differunt ab invicem: nisi ratione termini: ad quem com</Unicode></TextEquiv></TextLine><TextLine custom="readingOrder {index:7;}" id="r1l12"><Coords points="695,938 743,937 791,937 840,937 888,937 937,937 985,937 1034,938 1082,938 1131,938 1179,938 1227,938 1276,940 1324,940 1373,941 1421,941 1470,941 1518,943 1567,943 1615,943 1664,944 1664,910 1615,909 1567,909 1518,909 1470,907 1421,907 1373,907 1324,906 1276,906 1227,904 1179,904 1131,904 1082,904 1034,904 985,903 937,903 888,903 840,903 791,903 743,903 695,904"/><Baseline points="695,927 743,926 791,926 840,926 888,926 937,926 985,926 1034,927 1082,927 1131,927 1179,927 1227,927 1276,929 1324,929 1373,930 1421,930 1470,930 1518,932 1567,932 1615,932 1664,933"/><TextEquiv><Unicode>putantur. utrumque tamen augis linea sumit terminum a quo</Unicode></TextEquiv></TextLine><TextEquiv><Unicode>Centrum medium.
Est tertius terminus quo utuntur
practicantes motum. et quid sit patet in
littera qualiter est ipse investigatur et per subtractionem augis planete de ipsius
medio motu. Accipitur etiam hic centrum in. 2a. significatione prout.s.nominat ar
cum zodiaci non punctum medium ipsius circuli centrum etiam verum patet sicut dicit littera
et ista duo centra non differunt ab invicem: nisi ratione termini: ad quem com
putantur. utrumque tamen augis linea sumit terminum a quo</Unicode></TextEquiv></TextRegion><TextRegion custom="readingOrder {index:2;}" id="TextRegion_1637850269093_350" orientation="0.0" type="paragraph"><Coords points="672,935 1872,935 1872,1717 672,1717"/><TextLine custom="readingOrder {index:0;}" id="r1l13"><Coords points="1704,990 1729,991 1755,991 1780,991 1806,991 1831,991 1857,991 1857,960 1831,960 1806,960 1780,960 1755,960 1729,960 1704,959"/><Baseline points="1704,980 1729,981 1755,981 1780,981 1806,981 1831,981 1857,981"/><TextEquiv><Unicode>Quartus</Unicode></TextEquiv></TextLine><TextLine custom="readingOrder {index:1;} heading {offset:0; length:26;}" id="r1l14"><Coords points="683,1014 745,1015 807,1017 869,1017 931,1017 993,1017 1055,1017 1117,1017 1179,1017 1241,1017 1303,1018 1365,1018 1427,1020 1489,1021 1551,1023 1613,1025 1675,1029 1737,1034 1799,1039 1862,1045 1862,1014 1799,1008 1737,1003 1675,998 1613,994 1551,992 1489,990 1427,989 1365,987 1303,987 1241,986 1179,986 1117,986 1055,986 993,986 931,986 869,986 807,986 745,984 683,983"/><Baseline points="683,1004 745,1005 807,1007 869,1007 931,1007 993,1007 1055,1007 1117,1007 1179,1007 1241,1007 1303,1008 1365,1008 1427,1010 1489,1011 1551,1013 1613,1015 1675,1019 1737,1024 1799,1029 1862,1035"/><TextEquiv><Unicode>Equatio centri in zodiaco.</Unicode></TextEquiv></TextLine><TextLine custom="readingOrder {index:2;}" id="line_1637939331841_38"><Coords points="1692,999 1877,999 1877,1043 1692,1043"/><TextEquiv><Unicode>terminus</Unicode></TextEquiv></TextLine><TextLine custom="readingOrder {index:3;}" id="r1l15"><Coords points="692,1082 750,1082 808,1082 866,1082 924,1082 982,1084 1040,1084 1098,1084 1156,1084 1214,1085 1272,1085 1330,1085 1388,1085 1446,1087 1504,1087 1562,1088 1620,1088 1678,1090 1736,1090 1794,1091 1853,1091 1853,1058 1794,1058 1736,1057 1678,1057 1620,1055 1562,1055 1504,1054 1446,1054 1388,1052 1330,1052 1272,1052 1214,1052 1156,1051 1098,1051 1040,1051 982,1051 924,1049 866,1049 808,1049 750,1049 692,1049"/><Baseline points="692,1071 750,1071 808,1071 866,1071 924,1071 982,1073 1040,1073 1098,1073 1156,1073 1214,1074 1272,1074 1330,1074 1388,1074 1446,1076 1504,1076 1562,1077 1620,1077 1678,1079 1736,1079 1794,1080 1853,1080"/><TextEquiv><Unicode>qui apud tabulantes reperiatur: primus in tabulis equationum notum est ex lineis</Unicode></TextEquiv></TextLine><TextLine custom="readingOrder {index:4;}" id="r1l16"><Coords points="695,1133 753,1133 811,1133 869,1133 927,1133 986,1133 1044,1133 1102,1133 1160,1133 1218,1135 1277,1135 1335,1135 1393,1136 1451,1136 1509,1136 1568,1137 1626,1138 1684,1138 1742,1138 1800,1139 1859,1139 1859,1105 1800,1105 1742,1104 1684,1104 1626,1104 1568,1103 1509,1102 1451,1102 1393,1102 1335,1101 1277,1101 1218,1101 1160,1099 1102,1099 1044,1099 986,1099 927,1099 869,1099 811,1099 753,1099 695,1099"/><Baseline points="695,1122 753,1122 811,1122 869,1122 927,1122 986,1122 1044,1122 1102,1122 1160,1122 1218,1124 1277,1124 1335,1124 1393,1125 1451,1125 1509,1125 1568,1126 1626,1127 1684,1127 1742,1127 1800,1128 1859,1128"/><TextEquiv><Unicode>que movent arcum. calculatur autem eo modo: sicut equatio solis ab auge ecen</Unicode></TextEquiv></TextLine><TextLine custom="readingOrder {index:5;}" id="r1l17"><Coords points="689,1180 747,1180 805,1180 864,1181 922,1181 981,1181 1039,1183 1097,1183 1156,1183 1214,1184 1273,1184 1331,1184 1389,1185 1448,1186 1506,1186 1565,1187 1623,1187 1681,1187 1740,1188 1798,1189 1857,1189 1857,1155 1798,1155 1740,1154 1681,1153 1623,1153 1565,1153 1506,1152 1448,1152 1389,1151 1331,1150 1273,1150 1214,1150 1156,1149 1097,1149 1039,1149 981,1147 922,1147 864,1147 805,1146 747,1146 689,1146"/><Baseline points="689,1169 747,1169 805,1169 864,1170 922,1170 981,1170 1039,1172 1097,1172 1156,1172 1214,1173 1273,1173 1331,1173 1389,1174 1448,1175 1506,1175 1565,1176 1623,1176 1681,1176 1740,1177 1798,1178 1857,1178"/><TextEquiv><Unicode>trici incipiendo: ubi nulla est propter lineas medii ac veri motus epicicli</Unicode></TextEquiv></TextLine><TextLine custom="readingOrder {index:6;}" id="r1l18"><Coords points="683,1229 741,1230 799,1231 858,1231 916,1232 974,1232 1033,1232 1091,1232 1149,1234 1208,1234 1266,1234 1324,1234 1383,1235 1441,1235 1499,1235 1558,1235 1616,1237 1674,1237 1733,1237 1791,1238 1850,1238 1850,1204 1791,1204 1733,1203 1674,1203 1616,1203 1558,1201 1499,1201 1441,1201 1383,1201 1324,1200 1266,1200 1208,1200 1149,1200 1091,1198 1033,1198 974,1198 916,1198 858,1197 799,1197 741,1196 683,1195"/><Baseline points="683,1218 741,1219 799,1220 858,1220 916,1221 974,1221 1033,1221 1091,1221 1149,1223 1208,1223 1266,1223 1324,1223 1383,1224 1441,1224 1499,1224 1558,1224 1616,1226 1674,1226 1733,1226 1791,1227 1850,1227"/><TextEquiv><Unicode>idemptificatas: et inde per singulos gradus procedendo usque ad longitudinem</Unicode></TextEquiv></TextLine><TextLine custom="readingOrder {index:7;}" id="r1l19"><Coords points="686,1279 744,1279 802,1280 860,1280 918,1280 977,1280 1035,1280 1093,1282 1151,1282 1209,1282 1268,1282 1326,1282 1384,1283 1442,1283 1500,1283 1559,1284 1617,1285 1675,1285 1733,1285 1791,1286 1850,1286 1850,1252 1791,1252 1733,1251 1675,1251 1617,1251 1559,1250 1500,1249 1442,1249 1384,1249 1326,1248 1268,1248 1209,1248 1151,1248 1093,1248 1035,1246 977,1246 918,1246 860,1246 802,1246 744,1245 686,1245"/><Baseline points="686,1268 744,1268 802,1269 860,1269 918,1269 977,1269 1035,1269 1093,1271 1151,1271 1209,1271 1268,1271 1326,1271 1384,1272 1442,1272 1500,1272 1559,1273 1617,1274 1675,1274 1733,1274 1791,1275 1850,1275"/><TextEquiv><Unicode>mediam.i.ad illum in quo centrum epicicli mediocrem habet accessum ad centrum</Unicode></TextEquiv></TextLine><TextLine custom="readingOrder {index:8;}" id="r1l20"><Coords points="689,1328 747,1328 805,1328 863,1328 921,1330 980,1330 1038,1330 1096,1330 1154,1331 1212,1331 1271,1331 1329,1331 1387,1333 1445,1333 1503,1333 1562,1333 1620,1333 1678,1333 1736,1334 1794,1334 1853,1334 1853,1300 1794,1300 1736,1300 1678,1299 1620,1299 1562,1299 1503,1299 1445,1299 1387,1299 1329,1297 1271,1297 1212,1297 1154,1297 1096,1296 1038,1296 980,1296 921,1296 863,1294 805,1294 747,1294 689,1294"/><Baseline points="689,1317 747,1317 805,1317 863,1317 921,1319 980,1319 1038,1319 1096,1319 1154,1320 1212,1320 1271,1320 1329,1320 1387,1322 1445,1322 1503,1322 1562,1322 1620,1322 1678,1322 1736,1323 1794,1323 1853,1323"/><TextEquiv><Unicode>mundi inter augem et oppositum ubi maior ille arcus inter omnes invenitur</Unicode></TextEquiv></TextLine><TextLine custom="readingOrder {index:9;}" id="r1l21"><Coords points="689,1379 747,1379 805,1378 863,1378 921,1378 979,1378 1037,1379 1095,1379 1153,1379 1211,1379 1270,1381 1328,1381 1386,1381 1444,1382 1502,1382 1560,1382 1618,1384 1676,1384 1734,1384 1792,1385 1851,1385 1851,1351 1792,1351 1734,1350 1676,1350 1618,1350 1560,1348 1502,1348 1444,1348 1386,1347 1328,1347 1270,1347 1211,1345 1153,1345 1095,1345 1037,1345 979,1344 921,1344 863,1344 805,1344 747,1345 689,1345"/><Baseline points="689,1368 747,1368 805,1367 863,1367 921,1367 979,1367 1037,1368 1095,1368 1153,1368 1211,1368 1270,1370 1328,1370 1386,1370 1444,1371 1502,1371 1560,1371 1618,1373 1676,1373 1734,1373 1792,1374 1851,1374"/><TextEquiv><Unicode>propter lineas medii et veri motus epicicli in eo loco magis diversificatas</Unicode></TextEquiv></TextLine><TextLine custom="readingOrder {index:10;}" id="r1l22"><Coords points="686,1427 744,1427 802,1427 861,1427 919,1427 978,1429 1036,1429 1094,1429 1153,1429 1211,1429 1270,1430 1328,1430 1386,1430 1445,1430 1503,1432 1562,1432 1620,1432 1678,1432 1737,1433 1795,1433 1854,1433 1854,1399 1795,1399 1737,1399 1678,1398 1620,1398 1562,1398 1503,1398 1445,1396 1386,1396 1328,1396 1270,1396 1211,1395 1153,1395 1094,1395 1036,1395 978,1395 919,1393 861,1393 802,1393 744,1393 686,1393"/><Baseline points="686,1416 744,1416 802,1416 861,1416 919,1416 978,1418 1036,1418 1094,1418 1153,1418 1211,1418 1270,1419 1328,1419 1386,1419 1445,1419 1503,1421 1562,1421 1620,1421 1678,1421 1737,1422 1795,1422 1854,1422"/><TextEquiv><Unicode>Inde procedendo potestate linee ad se invicem cedunt. unde et arcum inter se</Unicode></TextEquiv></TextLine><TextLine custom="readingOrder {index:11;}" id="r1l23"><Coords points="680,1474 738,1474 797,1475 856,1475 915,1475 974,1477 1032,1477 1091,1477 1150,1478 1209,1478 1268,1478 1326,1479 1385,1480 1444,1480 1503,1480 1562,1480 1620,1480 1679,1481 1738,1481 1797,1481 1856,1481 1856,1447 1797,1447 1738,1447 1679,1447 1620,1446 1562,1446 1503,1446 1444,1446 1385,1446 1326,1445 1268,1444 1209,1444 1150,1444 1091,1443 1032,1443 974,1443 915,1441 856,1441 797,1441 738,1440 680,1440"/><Baseline points="680,1463 738,1463 797,1464 856,1464 915,1464 974,1466 1032,1466 1091,1466 1150,1467 1209,1467 1268,1467 1326,1468 1385,1469 1444,1469 1503,1469 1562,1469 1620,1469 1679,1470 1738,1470 1797,1470 1856,1470"/><TextEquiv><Unicode>minorant usque dum fuerit in opposito augis ecentrici ubi iterum in auge fiunt</Unicode></TextEquiv></TextLine><TextLine custom="readingOrder {index:12;}" id="r1l24"><Coords points="689,1523 746,1525 804,1525 862,1525 920,1526 978,1526 1036,1526 1094,1526 1152,1528 1210,1528 1268,1528 1325,1528 1383,1528 1441,1529 1499,1529 1557,1529 1615,1529 1673,1531 1731,1531 1789,1531 1847,1532 1847,1498 1789,1497 1731,1497 1673,1497 1615,1495 1557,1495 1499,1495 1441,1495 1383,1494 1325,1494 1268,1494 1210,1494 1152,1494 1094,1492 1036,1492 978,1492 920,1492 862,1491 804,1491 746,1491 689,1489"/><Baseline points="689,1512 746,1514 804,1514 862,1514 920,1515 978,1515 1036,1515 1094,1515 1152,1517 1210,1517 1268,1517 1325,1517 1383,1517 1441,1518 1499,1518 1557,1518 1615,1518 1673,1520 1731,1520 1789,1520 1847,1521"/><TextEquiv><Unicode>una. et sic sibi sicut in auge nulla fit equatio. Pro reliqua autem medietate</Unicode></TextEquiv></TextLine><TextLine custom="readingOrder {index:13;}" id="r1l25"><Coords points="687,1573 744,1573 802,1574 860,1574 918,1574 976,1575 1034,1576 1091,1576 1149,1576 1207,1577 1265,1577 1323,1577 1381,1577 1439,1577 1496,1579 1554,1579 1612,1579 1670,1579 1728,1579 1786,1579 1844,1580 1844,1546 1786,1545 1728,1545 1670,1545 1612,1545 1554,1545 1496,1545 1439,1543 1381,1543 1323,1543 1265,1543 1207,1543 1149,1542 1091,1542 1034,1542 976,1541 918,1540 860,1540 802,1540 744,1539 687,1539"/><Baseline points="687,1562 744,1562 802,1563 860,1563 918,1563 976,1564 1034,1565 1091,1565 1149,1565 1207,1566 1265,1566 1323,1566 1381,1566 1439,1566 1496,1568 1554,1568 1612,1568 1670,1568 1728,1568 1786,1568 1844,1569"/><TextEquiv><Unicode>circuli eodem serviunt ordine tamen verso: sicque complentur equationes centri in zo</Unicode></TextEquiv></TextLine><TextLine custom="readingOrder {index:14;}" id="r1l26"><Coords points="689,1622 747,1622 806,1622 864,1622 923,1622 981,1624 1040,1624 1098,1624 1157,1625 1215,1625 1274,1625 1332,1627 1391,1627 1449,1627 1508,1628 1566,1628 1625,1628 1683,1630 1742,1630 1800,1630 1859,1630 1859,1596 1800,1596 1742,1596 1683,1596 1625,1594 1566,1594 1508,1594 1449,1593 1391,1593 1332,1593 1274,1591 1215,1591 1157,1591 1098,1590 1040,1590 981,1590 923,1588 864,1588 806,1588 747,1588 689,1588"/><Baseline points="689,1611 747,1611 806,1611 864,1611 923,1611 981,1613 1040,1613 1098,1613 1157,1614 1215,1614 1274,1614 1332,1616 1391,1616 1449,1616 1508,1617 1566,1617 1625,1617 1683,1619 1742,1619 1800,1619 1859,1619"/><TextEquiv><Unicode>diaco. secundum autem talem processum ab uge ecentrici pro eundo usque ad oppositum li</Unicode></TextEquiv></TextLine><TextLine custom="readingOrder {index:15;}" id="r1l27"><Coords points="684,1669 742,1670 800,1670 858,1672 916,1672 975,1672 1033,1673 1091,1673 1149,1673 1207,1674 1266,1675 1324,1675 1382,1675 1440,1675 1498,1676 1557,1676 1615,1676 1673,1676 1731,1678 1789,1678 1848,1678 1848,1644 1789,1644 1731,1644 1673,1642 1615,1642 1557,1642 1498,1642 1440,1641 1382,1641 1324,1641 1266,1641 1207,1640 1149,1639 1091,1639 1033,1639 975,1638 916,1638 858,1638 800,1636 742,1636 684,1635"/><Baseline points="684,1658 742,1659 800,1659 858,1661 916,1661 975,1661 1033,1662 1091,1662 1149,1662 1207,1663 1266,1664 1324,1664 1382,1664 1440,1664 1498,1665 1557,1665 1615,1665 1673,1665 1731,1667 1789,1667 1848,1667"/><TextEquiv><Unicode>nea veri: ideo predicta equatio de medio motu planete et de medio centro</Unicode></TextEquiv></TextLine><TextLine custom="readingOrder {index:16;}" id="r1l28"><Coords points="678,1720 733,1721 788,1721 843,1721 898,1723 954,1723 1009,1723 1064,1723 1119,1723 1174,1723 1230,1723 1285,1723 1340,1723 1395,1723 1450,1723 1506,1724 1561,1724 1616,1724 1671,1724 1726,1724 1782,1724 1782,1690 1726,1690 1671,1690 1616,1690 1561,1690 1506,1690 1450,1689 1395,1689 1340,1689 1285,1689 1230,1689 1174,1689 1119,1689 1064,1689 1009,1689 954,1689 898,1689 843,1687 788,1687 733,1687 678,1686"/><Baseline points="678,1709 733,1710 788,1710 843,1710 898,1712 954,1712 1009,1712 1064,1712 1119,1712 1174,1712 1230,1712 1285,1712 1340,1712 1395,1712 1450,1712 1506,1713 1561,1713 1616,1713 1671,1713 1726,1713 1782,1713"/><TextEquiv><Unicode>abiicitur: sicut dicitur in littera in altera tandem meditate per oppositum. etc.</Unicode></TextEquiv></TextLine><TextEquiv><Unicode>Quartus
Equatio centri in zodiaco.
terminus
qui apud tabulantes reperiatur: primus in tabulis equationum notum est ex lineis
que movent arcum. calculatur autem eo modo: sicut equatio solis ab auge ecen
trici incipiendo: ubi nulla est propter lineas medii ac veri motus epicicli
idemptificatas: et inde per singulos gradus procedendo usque ad longitudinem
mediam.i.ad illum in quo centrum epicicli mediocrem habet accessum ad centrum
mundi inter augem et oppositum ubi maior ille arcus inter omnes invenitur
propter lineas medii et veri motus epicicli in eo loco magis diversificatas
Inde procedendo potestate linee ad se invicem cedunt. unde et arcum inter se
minorant usque dum fuerit in opposito augis ecentrici ubi iterum in auge fiunt
una. et sic sibi sicut in auge nulla fit equatio. Pro reliqua autem medietate
circuli eodem serviunt ordine tamen verso: sicque complentur equationes centri in zo
diaco. secundum autem talem processum ab uge ecentrici pro eundo usque ad oppositum li
nea veri: ideo predicta equatio de medio motu planete et de medio centro
abiicitur: sicut dicitur in littera in altera tandem meditate per oppositum. etc.</Unicode></TextEquiv></TextRegion><TextRegion custom="readingOrder {index:3;}" id="TextRegion_1637850269093_349" orientation="0.0" type="paragraph"><Coords points="672,1717 1872,1717 1872,2170 672,2170"/><TextLine custom="readingOrder {index:0;} heading {offset:0; length:27;}" id="r1l30"><Coords points="677,1801 735,1801 793,1801 852,1801 910,1801 968,1801 1027,1801 1085,1801 1143,1803 1202,1803 1260,1803 1318,1804 1377,1805 1435,1806 1493,1808 1552,1810 1610,1813 1668,1816 1727,1821 1785,1824 1844,1830 1844,1800 1785,1794 1727,1791 1668,1786 1610,1783 1552,1780 1493,1778 1435,1776 1377,1775 1318,1774 1260,1773 1202,1773 1143,1773 1085,1771 1027,1771 968,1771 910,1771 852,1771 793,1771 735,1771 677,1771"/><Baseline points="677,1791 735,1791 793,1791 852,1791 910,1791 968,1791 1027,1791 1085,1791 1143,1793 1202,1793 1260,1793 1318,1794 1377,1795 1435,1796 1493,1798 1552,1800 1610,1803 1668,1806 1727,1811 1785,1814 1844,1820"/><TextEquiv><Unicode>Equatio centri in epiciclo.</Unicode></TextEquiv></TextLine><TextLine custom="readingOrder {index:1;}" id="r1l29"><Coords points="1592,1771 1617,1771 1643,1771 1669,1773 1695,1774 1721,1774 1746,1776 1772,1776 1798,1776 1824,1776 1850,1774 1850,1743 1824,1745 1798,1745 1772,1745 1746,1745 1721,1743 1695,1743 1669,1742 1643,1740 1617,1740 1592,1740"/><Baseline points="1592,1761 1617,1761 1643,1761 1669,1763 1695,1764 1721,1764 1746,1766 1772,1766 1798,1766 1824,1766 1850,1764"/><TextEquiv><Unicode>Nihil aliud est</Unicode></TextEquiv></TextLine><TextLine custom="readingOrder {index:2;}" id="line_1637940368024_72"><Coords points="1866,1826 1580,1826 1580,1777 1866,1777"/><TextEquiv><Unicode>nisi arcus epici</Unicode></TextEquiv></TextLine><TextLine custom="readingOrder {index:3;}" id="line_1637940486863_86"><Coords points="676,1819 1866,1819 1866,1879 676,1879"/><TextEquiv><Unicode>cli per differunt medius motus et verus planete in epiciclo: qui quidem ar</Unicode></TextEquiv></TextLine><TextLine custom="readingOrder {index:4;}" id="r1l32"><Coords points="677,1915 735,1915 794,1915 853,1916 912,1916 971,1916 1030,1918 1088,1918 1147,1918 1206,1918 1265,1919 1324,1919 1383,1919 1442,1919 1500,1921 1559,1921 1618,1921 1677,1921 1736,1921 1795,1921 1854,1921 1854,1887 1795,1887 1736,1887 1677,1887 1618,1887 1559,1887 1500,1887 1442,1885 1383,1885 1324,1885 1265,1885 1206,1884 1147,1884 1088,1884 1030,1884 971,1882 912,1882 853,1882 794,1881 735,1881 677,1881"/><Baseline points="677,1904 735,1904 794,1904 853,1905 912,1905 971,1905 1030,1907 1088,1907 1147,1907 1206,1907 1265,1908 1324,1908 1383,1908 1442,1908 1500,1910 1559,1910 1618,1910 1677,1910 1736,1910 1795,1910 1854,1910"/><TextEquiv><Unicode>cus est semper tot graduum et minutorum. quot equatio centri in zodiaco. ergo</Unicode></TextEquiv></TextLine><TextLine custom="readingOrder {index:5;}" id="r1l33"><Coords points="678,1963 736,1964 795,1964 853,1966 912,1966 970,1967 1029,1967 1087,1967 1146,1967 1204,1967 1263,1967 1321,1967 1380,1967 1438,1969 1497,1969 1555,1969 1614,1969 1672,1969 1731,1970 1789,1970 1848,1972 1848,1938 1789,1936 1731,1936 1672,1935 1614,1935 1555,1935 1497,1935 1438,1935 1380,1933 1321,1933 1263,1933 1204,1933 1146,1933 1087,1933 1029,1933 970,1933 912,1932 853,1932 795,1930 736,1930 678,1929"/><Baseline points="678,1952 736,1953 795,1953 853,1955 912,1955 970,1956 1029,1956 1087,1956 1146,1956 1204,1956 1263,1956 1321,1956 1380,1956 1438,1958 1497,1958 1555,1958 1614,1958 1672,1958 1731,1959 1789,1959 1848,1961"/><TextEquiv><Unicode>una et eadem est tabula: que intitulatur equatio centri continens duplices gra</Unicode></TextEquiv></TextLine><TextLine custom="readingOrder {index:6;}" id="r1l34"><Coords points="672,2014 734,2014 796,2015 858,2015 920,2015 982,2015 1044,2017 1106,2017 1168,2017 1230,2017 1292,2017 1354,2017 1416,2017 1478,2017 1540,2018 1602,2018 1664,2018 1726,2020 1788,2021 1851,2021 1851,1987 1788,1987 1726,1986 1664,1984 1602,1984 1540,1984 1478,1983 1416,1983 1354,1983 1292,1983 1230,1983 1168,1983 1106,1983 1044,1983 982,1981 920,1981 858,1981 796,1981 734,1980 672,1980"/><Baseline points="672,2003 734,2003 796,2004 858,2004 920,2004 982,2004 1044,2006 1106,2006 1168,2006 1230,2006 1292,2006 1354,2006 1416,2006 1478,2006 1540,2007 1602,2007 1664,2007 1726,2009 1788,2010 1851,2010"/><TextEquiv><Unicode>dus. s. zodiaci et epicicli et in quocunque loco una earum est nulla aut maxima in</Unicode></TextEquiv></TextLine><TextLine custom="readingOrder {index:7;}" id="r1l35"><Coords points="675,2062 733,2062 791,2063 849,2063 907,2063 966,2065 1024,2065 1082,2065 1140,2065 1198,2065 1257,2065 1315,2065 1373,2066 1431,2066 1489,2066 1548,2066 1606,2066 1664,2068 1722,2068 1780,2069 1839,2071 1839,2037 1780,2035 1722,2034 1664,2034 1606,2032 1548,2032 1489,2032 1431,2032 1373,2032 1315,2031 1257,2031 1198,2031 1140,2031 1082,2031 1024,2031 966,2031 907,2029 849,2029 791,2029 733,2028 675,2028"/><Baseline points="675,2051 733,2051 791,2052 849,2052 907,2052 966,2054 1024,2054 1082,2054 1140,2054 1198,2054 1257,2054 1315,2054 1373,2055 1431,2055 1489,2055 1548,2055 1606,2055 1664,2057 1722,2057 1780,2058 1839,2060"/><TextEquiv><Unicode>eodem et altera. Et magister in littera satis manifeste ostendit: quomodo omnes</Unicode></TextEquiv></TextLine><TextLine custom="readingOrder {index:8;}" id="r1l36"><Coords points="684,2113 742,2113 800,2113 858,2113 916,2114 974,2114 1032,2114 1090,2114 1148,2114 1206,2114 1264,2116 1322,2116 1380,2116 1438,2116 1496,2117 1554,2117 1612,2117 1670,2119 1728,2119 1786,2120 1844,2120 1844,2086 1786,2086 1728,2085 1670,2085 1612,2083 1554,2083 1496,2083 1438,2082 1380,2082 1322,2082 1264,2082 1206,2080 1148,2080 1090,2080 1032,2080 974,2080 916,2080 858,2079 800,2079 742,2079 684,2079"/><Baseline points="684,2102 742,2102 800,2102 858,2102 916,2103 974,2103 1032,2103 1090,2103 1148,2103 1206,2103 1264,2105 1322,2105 1380,2105 1438,2105 1496,2106 1554,2106 1612,2106 1670,2108 1728,2108 1786,2109 1844,2109"/><TextEquiv><Unicode>illas equationes esse equales non in quantitate quidem equali in proportione</Unicode></TextEquiv></TextLine><TextLine custom="readingOrder {index:9;}" id="r1l37"><Coords points="678,2161 730,2162 782,2162 834,2164 886,2164 938,2165 990,2165 1042,2165 1094,2165 1146,2165 1198,2165 1250,2166 1302,2167 1354,2167 1406,2167 1458,2167 1510,2167 1562,2168 1614,2168 1666,2170 1719,2170 1719,2136 1666,2136 1614,2134 1562,2134 1510,2133 1458,2133 1406,2133 1354,2133 1302,2133 1250,2132 1198,2131 1146,2131 1094,2131 1042,2131 990,2131 938,2131 886,2130 834,2130 782,2128 730,2128 678,2127"/><Baseline points="678,2150 730,2151 782,2151 834,2153 886,2153 938,2154 990,2154 1042,2154 1094,2154 1146,2154 1198,2154 1250,2155 1302,2156 1354,2156 1406,2156 1458,2156 1510,2156 1562,2157 1614,2157 1666,2159 1719,2159"/><TextEquiv><Unicode>quod sic adhuc pro clariori intelligentia ostenditur in hac figura.</Unicode></TextEquiv></TextLine><TextEquiv><Unicode>Equatio centri in epiciclo.
Nihil aliud est
nisi arcus epici
cli per differunt medius motus et verus planete in epiciclo: qui quidem ar
cus est semper tot graduum et minutorum. quot equatio centri in zodiaco. ergo
una et eadem est tabula: que intitulatur equatio centri continens duplices gra
dus. s. zodiaci et epicicli et in quocunque loco una earum est nulla aut maxima in
eodem et altera. Et magister in littera satis manifeste ostendit: quomodo omnes
illas equationes esse equales non in quantitate quidem equali in proportione
quod sic adhuc pro clariori intelligentia ostenditur in hac figura.</Unicode></TextEquiv></TextRegion><TextRegion custom="readingOrder {index:4;} structure {type:paragraph;}" id="TextRegion_1637850275762_357" orientation="0.0" type="paragraph"><Coords points="2222,387 3431,387 3431,1412 2222,1412"/><TextLine custom="readingOrder {index:0;}" id="r2l1"><Coords points="2244,418 2272,421 2301,424 2329,426 2358,426 2387,427 2415,429 2444,430 2473,430 2501,432 2530,432 2559,432 2587,432 2616,433 2645,433 2673,433 2702,433 2731,433 2759,435 2788,435 2817,435 2817,404 2788,404 2759,404 2731,402 2702,402 2673,402 2645,402 2616,402 2587,401 2559,401 2530,401 2501,401 2473,399 2444,399 2415,398 2387,396 2358,395 2329,395 2301,393 2272,390 2244,387"/><Baseline points="2244,408 2272,411 2301,414 2329,416 2358,416 2387,417 2415,419 2444,420 2473,420 2501,422 2530,422 2559,422 2587,422 2616,423 2645,423 2673,423 2702,423 2731,423 2759,425 2788,425 2817,425"/><TextEquiv><Unicode>Quandocumque inequis circulis supra</Unicode></TextEquiv></TextLine><TextLine custom="readingOrder {index:1;}" id="r2l2"><Coords points="2249,469 2277,470 2306,472 2334,474 2363,477 2392,477 2420,478 2449,479 2478,480 2506,480 2535,481 2564,481 2592,481 2621,481 2650,481 2678,481 2707,482 2736,483 2764,483 2793,483 2822,484 2822,453 2793,452 2764,452 2736,452 2707,451 2678,450 2650,450 2621,450 2592,450 2564,450 2535,450 2506,449 2478,449 2449,448 2420,447 2392,446 2363,446 2334,443 2306,441 2277,439 2249,438"/><Baseline points="2249,459 2277,460 2306,462 2334,464 2363,467 2392,467 2420,468 2449,469 2478,470 2506,470 2535,471 2564,471 2592,471 2621,471 2650,471 2678,471 2707,472 2736,473 2764,473 2793,473 2822,474"/><TextEquiv><Unicode>centrum equales consistunt anguli illas</Unicode></TextEquiv></TextLine><TextLine custom="readingOrder {index:2;}" id="r2l3"><Coords points="2244,519 2272,522 2301,523 2330,524 2359,526 2387,526 2416,528 2445,529 2474,529 2502,529 2531,531 2560,531 2589,531 2617,531 2646,531 2675,531 2704,531 2732,531 2761,531 2790,532 2819,532 2819,501 2790,501 2761,500 2732,500 2704,500 2675,500 2646,500 2617,500 2589,500 2560,500 2531,500 2502,498 2474,498 2445,498 2416,497 2387,495 2359,495 2330,493 2301,492 2272,491 2244,488"/><Baseline points="2244,509 2272,512 2301,513 2330,514 2359,516 2387,516 2416,518 2445,519 2474,519 2502,519 2531,521 2560,521 2589,521 2617,521 2646,521 2675,521 2704,521 2732,521 2761,521 2790,522 2819,522"/><TextEquiv><Unicode>super arcus equales cadere necesse</Unicode></TextEquiv></TextLine><TextLine custom="readingOrder {index:3;}" id="r2l4"><Coords points="2250,567 2278,570 2307,571 2336,572 2365,573 2393,574 2422,575 2451,576 2480,576 2508,577 2537,577 2566,577 2595,577 2623,577 2652,577 2681,577 2710,577 2738,577 2767,577 2796,577 2825,577 2825,546 2796,546 2767,546 2738,546 2710,546 2681,546 2652,546 2623,546 2595,546 2566,546 2537,546 2508,546 2480,545 2451,545 2422,544 2393,543 2365,542 2336,541 2307,540 2278,539 2250,536"/><Baseline points="2250,557 2278,560 2307,561 2336,562 2365,563 2393,564 2422,565 2451,566 2480,566 2508,567 2537,567 2566,567 2595,567 2623,567 2652,567 2681,567 2710,567 2738,567 2767,567 2796,567 2825,567"/><TextEquiv><Unicode>est. Sicut dicit.25.tertii euclidis. Sed</Unicode></TextEquiv></TextLine><TextLine custom="readingOrder {index:4;}" id="r2l5"><Coords points="2240,616 2269,618 2298,620 2327,621 2357,621 2386,622 2415,622 2444,622 2474,622 2503,624 2532,624 2561,624 2591,624 2620,624 2649,624 2678,624 2708,625 2737,625 2766,626 2795,627 2825,628 2825,597 2795,596 2766,595 2737,594 2708,594 2678,593 2649,593 2620,593 2591,593 2561,593 2532,593 2503,593 2474,591 2444,591 2415,591 2386,591 2357,590 2327,590 2298,589 2269,587 2240,585"/><Baseline points="2240,606 2269,608 2298,610 2327,611 2357,611 2386,612 2415,612 2444,612 2474,612 2503,614 2532,614 2561,614 2591,614 2620,614 2649,614 2678,614 2708,615 2737,615 2766,616 2795,617 2825,618"/><TextEquiv><Unicode>in circulo.s.t.h.qui sunt equales et qui</Unicode></TextEquiv></TextLine><TextLine custom="readingOrder {index:5;}" id="r2l7"><Coords points="2241,663 2270,664 2299,666 2328,666 2357,667 2386,667 2415,668 2444,669 2473,669 2502,669 2531,669 2560,670 2589,670 2618,670 2647,670 2676,670 2705,670 2734,672 2763,672 2792,672 2822,673 2822,642 2792,641 2763,641 2734,641 2705,639 2676,639 2647,639 2618,639 2589,639 2560,639 2531,638 2502,638 2473,638 2444,638 2415,637 2386,636 2357,636 2328,635 2299,635 2270,633 2241,632"/><Baseline points="2241,653 2270,654 2299,656 2328,656 2357,657 2386,657 2415,658 2444,659 2473,659 2502,659 2531,659 2560,660 2589,660 2618,660 2647,660 2676,660 2705,660 2734,662 2763,662 2792,662 2822,663"/><TextEquiv><Unicode>libet.360.partium angulus supra cen</Unicode></TextEquiv></TextLine><TextLine custom="readingOrder {index:6;}" id="r2l11"><Coords points="2244,711 2274,712 2304,712 2334,714 2364,714 2394,715 2424,715 2455,716 2485,717 2515,717 2545,717 2575,718 2605,718 2635,718 2666,720 2696,720 2726,721 2756,721 2786,723 2816,724 2847,726 2847,695 2816,693 2786,692 2756,690 2726,690 2696,689 2666,689 2635,687 2605,687 2575,687 2545,686 2515,686 2485,686 2455,685 2424,684 2394,684 2364,683 2334,683 2304,681 2274,681 2244,680"/><Baseline points="2244,701 2274,702 2304,702 2334,704 2364,704 2394,705 2424,705 2455,706 2485,707 2515,707 2545,707 2575,708 2605,708 2635,708 2666,710 2696,710 2726,711 2756,711 2786,713 2816,714 2847,716"/><TextEquiv><Unicode>trum. scilicet. c. e. u. est equalis arcui alterius.</Unicode></TextEquiv></TextLine><TextLine custom="readingOrder {index:7;}" id="r2l15"><Coords points="2246,760 2274,760 2302,760 2331,761 2359,762 2388,762 2416,763 2444,763 2473,764 2501,765 2530,765 2558,766 2586,766 2615,768 2643,768 2672,769 2700,771 2728,771 2757,772 2785,773 2814,774 2814,743 2785,742 2757,741 2728,740 2700,740 2672,738 2643,737 2615,737 2586,735 2558,735 2530,734 2501,734 2473,733 2444,732 2416,732 2388,731 2359,731 2331,730 2302,729 2274,729 2246,729"/><Baseline points="2246,750 2274,750 2302,750 2331,751 2359,752 2388,752 2416,753 2444,753 2473,754 2501,755 2530,755 2558,756 2586,756 2615,758 2643,758 2672,759 2700,761 2728,761 2757,762 2785,763 2814,764"/><TextEquiv><Unicode>t. g. s. ergo arcus unius. v. u. est equa</Unicode></TextEquiv></TextLine><TextLine custom="readingOrder {index:8;}" id="r2l16"><Coords points="2240,805 2269,807 2298,808 2327,810 2357,810 2386,811 2415,812 2445,813 2474,814 2503,816 2533,816 2562,817 2591,817 2620,819 2650,819 2679,820 2708,820 2738,821 2767,822 2796,822 2826,822 2826,791 2796,791 2767,791 2738,790 2708,789 2679,789 2650,788 2620,788 2591,786 2562,786 2533,785 2503,785 2474,783 2445,782 2415,781 2386,780 2357,779 2327,779 2298,777 2269,776 2240,774"/><Baseline points="2240,795 2269,797 2298,798 2327,800 2357,800 2386,801 2415,802 2445,803 2474,804 2503,806 2533,806 2562,807 2591,807 2620,809 2650,809 2679,810 2708,810 2738,811 2767,812 2796,812 2826,812"/><TextEquiv><Unicode>lis arcui alterius. t. s. ergo per 29.</Unicode></TextEquiv></TextLine><TextLine custom="readingOrder {index:9;}" id="r2l17"><Coords points="2238,858 2267,859 2296,859 2325,860 2354,861 2383,861 2412,862 2441,862 2470,864 2499,865 2529,865 2558,867 2587,867 2616,868 2645,869 2674,870 2703,871 2732,871 2761,872 2790,873 2820,873 2820,842 2790,842 2761,841 2732,840 2703,840 2674,839 2645,838 2616,837 2587,836 2558,836 2529,834 2499,834 2470,833 2441,831 2412,831 2383,830 2354,830 2325,829 2296,828 2267,828 2238,827"/><Baseline points="2238,848 2267,849 2296,849 2325,850 2354,851 2383,851 2412,852 2441,852 2470,854 2499,855 2529,855 2558,857 2587,857 2616,858 2645,859 2674,860 2703,861 2732,861 2761,862 2790,863 2820,863"/><TextEquiv><Unicode>primi angulus. t. e. u. est equalis an</Unicode></TextEquiv></TextLine><TextLine custom="readingOrder {index:10;}" id="r2l18"><Coords points="2241,909 2271,909 2301,910 2332,910 2362,911 2393,912 2423,913 2454,913 2484,913 2515,915 2545,915 2576,916 2606,916 2637,916 2667,917 2698,918 2728,918 2759,918 2789,918 2820,918 2820,887 2789,887 2759,887 2728,887 2698,887 2667,886 2637,885 2606,885 2576,885 2545,884 2515,884 2484,882 2454,882 2423,882 2393,881 2362,880 2332,879 2301,879 2271,878 2241,878"/><Baseline points="2241,899 2271,899 2301,900 2332,900 2362,901 2393,902 2423,903 2454,903 2484,903 2515,905 2545,905 2576,906 2606,906 2637,906 2667,907 2698,908 2728,908 2759,908 2789,908 2820,908"/><TextEquiv><Unicode>gulo. l. g. e. et sunt anguli coalterni</Unicode></TextEquiv></TextLine><TextLine custom="readingOrder {index:11;}" id="r2l19"><Coords points="2238,957 2266,958 2295,959 2323,960 2352,960 2381,961 2409,961 2438,961 2466,963 2495,963 2524,963 2552,963 2581,963 2609,963 2638,963 2667,963 2695,964 2724,964 2752,964 2781,964 2810,964 2810,933 2781,933 2752,933 2724,933 2695,933 2667,932 2638,932 2609,932 2581,932 2552,932 2524,932 2495,932 2466,932 2438,930 2409,930 2381,930 2352,929 2323,929 2295,928 2266,927 2238,926"/><Baseline points="2238,947 2266,948 2295,949 2323,950 2352,950 2381,951 2409,951 2438,951 2466,953 2495,953 2524,953 2552,953 2581,953 2609,953 2638,953 2667,953 2695,954 2724,954 2752,954 2781,954 2810,954"/><TextEquiv><Unicode>et angulus.l.g.e. est equalis angulo</Unicode></TextEquiv></TextLine><TextLine custom="readingOrder {index:12;}" id="r2l21"><Coords points="2247,1008 2275,1008 2303,1008 2331,1008 2360,1008 2388,1008 2416,1008 2445,1008 2473,1009 2501,1009 2530,1009 2558,1009 2586,1009 2614,1009 2643,1010 2671,1011 2699,1011 2728,1011 2756,1011 2784,1012 2813,1012 2813,981 2784,981 2756,980 2728,980 2699,980 2671,980 2643,979 2614,978 2586,978 2558,978 2530,978 2501,978 2473,978 2445,977 2416,977 2388,977 2360,977 2331,977 2303,977 2275,977 2247,977"/><Baseline points="2247,998 2275,998 2303,998 2331,998 2360,998 2388,998 2416,998 2445,998 2473,999 2501,999 2530,999 2558,999 2586,999 2614,999 2643,1000 2671,1001 2699,1001 2728,1001 2756,1001 2784,1002 2813,1002"/><TextEquiv><Unicode>s.g.t. per quindecimam primi et sunt</Unicode></TextEquiv></TextLine><TextLine custom="readingOrder {index:13;}" id="r2l23"><Coords points="2237,1056 2266,1056 2295,1056 2324,1056 2353,1056 2382,1056 2411,1054 2440,1054 2469,1054 2498,1055 2528,1056 2557,1056 2586,1056 2615,1056 2644,1056 2673,1056 2702,1057 2731,1057 2760,1058 2789,1059 2819,1060 2819,1030 2789,1029 2760,1028 2731,1027 2702,1027 2673,1026 2644,1026 2615,1026 2586,1026 2557,1026 2528,1026 2498,1025 2469,1024 2440,1024 2411,1024 2382,1026 2353,1026 2324,1026 2295,1026 2266,1026 2237,1026"/><Baseline points="2237,1046 2266,1046 2295,1046 2324,1046 2353,1046 2382,1046 2411,1044 2440,1044 2469,1044 2498,1045 2528,1046 2557,1046 2586,1046 2615,1046 2644,1046 2673,1046 2702,1047 2731,1047 2760,1048 2789,1049 2819,1050"/><TextEquiv><Unicode>anguli contra positi et per consequens</Unicode></TextEquiv></TextLine><TextLine custom="readingOrder {index:14;}" id="r2l24"><Coords points="2244,1098 2303,1098 2362,1099 2421,1099 2480,1101 2539,1102 2598,1103 2657,1104 2716,1105 2775,1107 2835,1108 2894,1110 2953,1111 3012,1112 3071,1113 3130,1113 3189,1114 3248,1114 3307,1114 3366,1113 3426,1113 3426,1083 3366,1083 3307,1084 3248,1084 3189,1084 3130,1083 3071,1083 3012,1082 2953,1081 2894,1080 2835,1078 2775,1077 2716,1075 2657,1074 2598,1073 2539,1072 2480,1071 2421,1069 2362,1069 2303,1068 2244,1068"/><Baseline points="2244,1088 2303,1088 2362,1089 2421,1089 2480,1091 2539,1092 2598,1093 2657,1094 2716,1095 2775,1097 2835,1098 2894,1100 2953,1101 3012,1102 3071,1103 3130,1103 3189,1104 3248,1104 3307,1104 3366,1103 3426,1103"/><TextEquiv><Unicode>arcus consistentes super angulos equales. scilicet.c.u.et.s.t. sunt equales ha</Unicode></TextEquiv></TextLine><TextLine custom="readingOrder {index:15;}" id="r2l25"><Coords points="2249,1144 2307,1145 2365,1147 2424,1149 2482,1150 2541,1152 2599,1153 2657,1155 2716,1155 2774,1156 2833,1158 2891,1159 2949,1159 3008,1161 3066,1161 3125,1162 3183,1162 3241,1162 3300,1164 3358,1164 3417,1164 3417,1133 3358,1133 3300,1133 3241,1131 3183,1131 3125,1131 3066,1130 3008,1130 2949,1128 2891,1128 2833,1127 2774,1125 2716,1124 2657,1124 2599,1122 2541,1121 2482,1119 2424,1118 2365,1116 2307,1114 2249,1113"/><Baseline points="2249,1134 2307,1135 2365,1137 2424,1139 2482,1140 2541,1142 2599,1143 2657,1145 2716,1145 2774,1146 2833,1148 2891,1149 2949,1149 3008,1151 3066,1151 3125,1152 3183,1152 3241,1152 3300,1154 3358,1154 3417,1154"/><TextEquiv><Unicode>bita ergo una equatione habebitur et reliqua dum autem centrum epicicli</Unicode></TextEquiv></TextLine><TextLine custom="readingOrder {index:16;}" id="r2l26"><Coords points="2243,1194 2302,1195 2361,1197 2421,1199 2480,1200 2540,1202 2599,1203 2658,1204 2718,1206 2777,1206 2837,1207 2896,1208 2955,1209 3015,1210 3074,1210 3134,1210 3193,1212 3252,1212 3312,1212 3371,1212 3431,1213 3431,1182 3371,1181 3312,1181 3252,1181 3193,1181 3134,1179 3074,1179 3015,1179 2955,1178 2896,1177 2837,1176 2777,1175 2718,1175 2658,1173 2599,1172 2540,1171 2480,1169 2421,1168 2361,1166 2302,1164 2243,1163"/><Baseline points="2243,1184 2302,1185 2361,1187 2421,1189 2480,1190 2540,1192 2599,1193 2658,1194 2718,1196 2777,1196 2837,1197 2896,1198 2955,1199 3015,1200 3074,1200 3134,1200 3193,1202 3252,1202 3312,1202 3371,1202 3431,1203"/><TextEquiv><Unicode>vadit ab auge ecentrici usque ad oppositum tunc mediu motus epicicli</Unicode></TextEquiv></TextLine><TextLine custom="readingOrder {index:17;}" id="r2l27"><Coords points="2253,1245 2311,1246 2370,1248 2429,1249 2488,1251 2547,1252 2605,1253 2664,1254 2723,1255 2782,1257 2841,1257 2899,1258 2958,1259 3017,1260 3076,1260 3135,1261 3193,1261 3252,1261 3311,1261 3370,1261 3429,1260 3429,1229 3370,1230 3311,1230 3252,1230 3193,1230 3135,1230 3076,1229 3017,1229 2958,1228 2899,1227 2841,1226 2782,1226 2723,1224 2664,1223 2605,1222 2547,1221 2488,1220 2429,1218 2370,1217 2311,1215 2253,1214"/><Baseline points="2253,1235 2311,1236 2370,1238 2429,1239 2488,1241 2547,1242 2605,1243 2664,1244 2723,1245 2782,1247 2841,1247 2899,1248 2958,1249 3017,1250 3076,1250 3135,1251 3193,1251 3252,1251 3311,1251 3370,1251 3429,1250"/><TextEquiv><Unicode>maior est vero motu epicili. Et tunc etiam aux vera epicicli subsequitur me</Unicode></TextEquiv></TextLine><TextLine custom="readingOrder {index:18;}" id="r2l28"><Coords points="2243,1294 2301,1296 2360,1297 2418,1300 2477,1300 2536,1302 2594,1303 2653,1305 2712,1306 2770,1306 2829,1306 2888,1308 2946,1308 3005,1309 3064,1309 3122,1309 3181,1309 3240,1309 3298,1309 3357,1309 3416,1309 3416,1278 3357,1278 3298,1278 3240,1278 3181,1278 3122,1278 3064,1278 3005,1278 2946,1277 2888,1277 2829,1275 2770,1275 2712,1275 2653,1274 2594,1272 2536,1271 2477,1269 2418,1269 2360,1266 2301,1265 2243,1263"/><Baseline points="2243,1284 2301,1286 2360,1287 2418,1290 2477,1290 2536,1292 2594,1293 2653,1295 2712,1296 2770,1296 2829,1296 2888,1298 2946,1298 3005,1299 3064,1299 3122,1299 3181,1299 3240,1299 3298,1299 3357,1299 3416,1299"/><TextEquiv><Unicode>diam secundum motum planete in epiciclo. Et iudeo quando equatio centri minuitur</Unicode></TextEquiv></TextLine><TextLine custom="readingOrder {index:19;}" id="r2l29"><Coords points="2240,1345 2298,1347 2357,1348 2415,1349 2474,1350 2532,1351 2591,1353 2649,1353 2708,1354 2766,1354 2825,1354 2884,1356 2942,1356 3001,1356 3059,1357 3118,1357 3176,1357 3235,1357 3293,1359 3352,1359 3411,1359 3411,1328 3352,1328 3293,1328 3235,1326 3176,1326 3118,1326 3059,1326 3001,1325 2942,1325 2884,1325 2825,1323 2766,1323 2708,1323 2649,1322 2591,1322 2532,1320 2474,1319 2415,1318 2357,1317 2298,1316 2240,1314"/><Baseline points="2240,1335 2298,1337 2357,1338 2415,1339 2474,1340 2532,1341 2591,1343 2649,1343 2708,1344 2766,1344 2825,1344 2884,1346 2942,1346 3001,1346 3059,1347 3118,1347 3176,1347 3235,1347 3293,1349 3352,1349 3411,1349"/><TextEquiv><Unicode>a medio motu et a medio centro tunc ipsa medio additur argumento</Unicode></TextEquiv></TextLine><TextLine custom="readingOrder {index:20;}" id="r2l30"><Coords points="2249,1393 2299,1394 2349,1395 2399,1396 2449,1396 2499,1398 2549,1398 2599,1399 2649,1399 2699,1401 2749,1401 2799,1402 2849,1402 2899,1403 2949,1404 2999,1404 3049,1404 3099,1404 3149,1404 3199,1404 3249,1404 3249,1373 3199,1373 3149,1373 3099,1373 3049,1373 2999,1373 2949,1373 2899,1372 2849,1371 2799,1371 2749,1370 2699,1370 2649,1368 2599,1368 2549,1367 2499,1367 2449,1365 2399,1365 2349,1364 2299,1363 2249,1362"/><Baseline points="2249,1383 2299,1384 2349,1385 2399,1386 2449,1386 2499,1388 2549,1388 2599,1389 2649,1389 2699,1391 2749,1391 2799,1392 2849,1392 2899,1393 2949,1394 2999,1394 3049,1394 3099,1394 3149,1394 3199,1394 3249,1394"/><TextEquiv><Unicode>in altera autem medietate fit per oppositum et hoc innuit littera etc.</Unicode></TextEquiv></TextLine><TextEquiv><Unicode>Quandocumque inequis circulis supra
centrum equales consistunt anguli illas
super arcus equales cadere necesse
est. Sicut dicit.25.tertii euclidis. Sed
in circulo.s.t.h.qui sunt equales et qui
libet.360.partium angulus supra cen
trum. scilicet. c. e. u. est equalis arcui alterius.
t. g. s. ergo arcus unius. v. u. est equa
lis arcui alterius. t. s. ergo per 29.
primi angulus. t. e. u. est equalis an
gulo. l. g. e. et sunt anguli coalterni
et angulus.l.g.e. est equalis angulo
s.g.t. per quindecimam primi et sunt
anguli contra positi et per consequens
arcus consistentes super angulos equales. scilicet.c.u.et.s.t. sunt equales ha
bita ergo una equatione habebitur et reliqua dum autem centrum epicicli
vadit ab auge ecentrici usque ad oppositum tunc mediu motus epicicli
maior est vero motu epicili. Et tunc etiam aux vera epicicli subsequitur me
diam secundum motum planete in epiciclo. Et iudeo quando equatio centri minuitur
a medio motu et a medio centro tunc ipsa medio additur argumento
in altera autem medietate fit per oppositum et hoc innuit littera etc.</Unicode></TextEquiv></TextRegion><TextRegion custom="readingOrder {index:5;} structure {type:paragraph;}" id="TextRegion_1637850280502_363" orientation="0.0" type="paragraph"><Coords points="2222,1412 3431,1412 3431,1699 2222,1699"/><TextLine custom="readingOrder {index:0;}" id="r2l32"><Coords points="2231,1477 2290,1476 2350,1475 2409,1474 2469,1474 2528,1474 2588,1474 2647,1476 2707,1477 2766,1479 2826,1480 2886,1482 2945,1485 3005,1487 3064,1491 3124,1494 3183,1496 3243,1500 3302,1503 3362,1506 3422,1509 3422,1478 3362,1475 3302,1472 3243,1469 3183,1465 3124,1463 3064,1460 3005,1456 2945,1454 2886,1451 2826,1449 2766,1448 2707,1446 2647,1445 2588,1443 2528,1443 2469,1443 2409,1443 2350,1444 2290,1445 2231,1446"/><Baseline points="2231,1467 2290,1466 2350,1465 2409,1464 2469,1464 2528,1464 2588,1464 2647,1466 2707,1467 2766,1469 2826,1470 2886,1472 2945,1475 3005,1477 3064,1481 3124,1484 3183,1486 3243,1490 3302,1493 3362,1496 3422,1499"/><TextEquiv><Unicode>Argumentum medium.</Unicode></TextEquiv></TextLine><TextLine custom="readingOrder {index:1;}" id="r2l31"><Coords points="3074,1447 3099,1450 3125,1452 3151,1452 3177,1453 3203,1453 3229,1452 3254,1452 3280,1452 3306,1452 3332,1452 3358,1452 3384,1454 3410,1456 3410,1425 3384,1423 3358,1421 3332,1421 3306,1421 3280,1421 3254,1421 3229,1421 3203,1422 3177,1422 3151,1421 3125,1421 3099,1419 3074,1416"/><Baseline points="3074,1437 3099,1440 3125,1442 3151,1442 3177,1443 3203,1443 3229,1442 3254,1442 3280,1442 3306,1442 3332,1442 3358,1442 3384,1444 3410,1446"/><TextEquiv><Unicode>Quintus terminus</Unicode></TextEquiv></TextLine><TextLine custom="readingOrder {index:2;}" id="line_1637941586437_160"><Coords points="3062,1461 3448,1461 3448,1505 3062,1505"/><TextEquiv><Unicode>secundum quem reponi</Unicode></TextEquiv></TextLine><TextLine custom="readingOrder {index:3;}" id="r2l33"><Coords points="2246,1537 2304,1537 2363,1539 2421,1540 2480,1540 2538,1542 2597,1542 2655,1543 2714,1543 2772,1545 2831,1546 2890,1546 2948,1546 3007,1548 3065,1548 3124,1549 3182,1549 3241,1549 3299,1551 3358,1551 3417,1551 3417,1520 3358,1520 3299,1520 3241,1518 3182,1518 3124,1518 3065,1517 3007,1517 2948,1515 2890,1515 2831,1515 2772,1514 2714,1512 2655,1512 2597,1511 2538,1511 2480,1509 2421,1509 2363,1508 2304,1506 2246,1506"/><Baseline points="2246,1527 2304,1527 2363,1529 2421,1530 2480,1530 2538,1532 2597,1532 2655,1533 2714,1533 2772,1535 2831,1536 2890,1536 2948,1536 3007,1538 3065,1538 3124,1539 3182,1539 3241,1539 3299,1541 3358,1541 3417,1541"/><TextEquiv><Unicode>tur motus planetarum in tabulas mediorum motuum seu reponi potest et si non re</Unicode></TextEquiv></TextLine><TextLine custom="readingOrder {index:4;}" id="r2l34"><Coords points="2238,1584 2297,1585 2356,1587 2416,1588 2475,1590 2535,1590 2594,1591 2653,1593 2713,1593 2772,1594 2832,1594 2891,1596 2950,1596 3010,1596 3069,1597 3129,1597 3188,1599 3247,1599 3307,1600 3366,1600 3426,1602 3426,1571 3366,1569 3307,1569 3247,1568 3188,1568 3129,1566 3069,1566 3010,1565 2950,1565 2891,1565 2832,1563 2772,1563 2713,1562 2653,1562 2594,1560 2535,1559 2475,1559 2416,1557 2356,1556 2297,1554 2238,1553"/><Baseline points="2238,1574 2297,1575 2356,1577 2416,1578 2475,1580 2535,1580 2594,1581 2653,1583 2713,1583 2772,1584 2832,1584 2891,1586 2950,1586 3010,1586 3069,1587 3129,1587 3188,1589 3247,1589 3307,1590 3366,1590 3426,1592"/><TextEquiv><Unicode>ponatur. Iam autem dictum est qualiter ab antiquis hic motus investigatus est circa il</Unicode></TextEquiv></TextLine><TextLine custom="readingOrder {index:5;}" id="r2l35"><Coords points="2246,1630 2304,1633 2362,1635 2420,1637 2478,1639 2537,1640 2595,1642 2653,1642 2711,1642 2769,1644 2828,1644 2886,1644 2944,1645 3002,1645 3060,1645 3119,1646 3177,1647 3235,1647 3293,1648 3351,1650 3410,1651 3410,1620 3351,1619 3293,1617 3235,1616 3177,1616 3119,1615 3060,1614 3002,1614 2944,1614 2886,1613 2828,1613 2769,1613 2711,1611 2653,1611 2595,1611 2537,1609 2478,1608 2420,1606 2362,1604 2304,1602 2246,1599"/><Baseline points="2246,1620 2304,1623 2362,1625 2420,1627 2478,1629 2537,1630 2595,1632 2653,1632 2711,1632 2769,1634 2828,1634 2886,1634 2944,1635 3002,1635 3060,1635 3119,1636 3177,1637 3235,1637 3293,1638 3351,1640 3410,1641"/><TextEquiv><Unicode>lam litteram. habet autem epicicli revolutio etc. argumentum etiam verum quid sit motum</Unicode></TextEquiv></TextLine><TextLine custom="readingOrder {index:6;}" id="r2l36"><Coords points="2243,1681 2296,1684 2349,1686 2402,1688 2455,1690 2508,1691 2561,1692 2615,1693 2668,1693 2721,1693 2774,1693 2827,1693 2880,1693 2933,1693 2987,1693 3040,1694 3093,1695 3146,1695 3199,1696 3252,1696 3306,1698 3306,1667 3252,1665 3199,1665 3146,1664 3093,1664 3040,1663 2987,1662 2933,1662 2880,1662 2827,1662 2774,1662 2721,1662 2668,1662 2615,1662 2561,1661 2508,1660 2455,1659 2402,1657 2349,1655 2296,1653 2243,1650"/><Baseline points="2243,1671 2296,1674 2349,1676 2402,1678 2455,1680 2508,1681 2561,1682 2615,1683 2668,1683 2721,1683 2774,1683 2827,1683 2880,1683 2933,1683 2987,1683 3040,1684 3093,1685 3146,1685 3199,1686 3252,1686 3306,1688"/><TextEquiv><Unicode>est et nominat verum motum planete in epiciclo et est sextus terminus.</Unicode></TextEquiv></TextLine><TextEquiv><Unicode>Argumentum medium.
Quintus terminus
secundum quem reponi
tur motus planetarum in tabulas mediorum motuum seu reponi potest et si non re
ponatur. Iam autem dictum est qualiter ab antiquis hic motus investigatus est circa il
lam litteram. habet autem epicicli revolutio etc. argumentum etiam verum quid sit motum
est et nominat verum motum planete in epiciclo et est sextus terminus.</Unicode></TextEquiv></TextRegion><TextRegion custom="readingOrder {index:6;} structure {type:paragraph;}" id="TextRegion_1637850287513_370" orientation="0.0" type="paragraph"><Coords points="2222,1699 3431,1699 3431,1937 2222,1937"/><TextLine custom="readingOrder {index:0;} heading {offset:0; length:18;}" id="r2l38"><Coords points="2243,1765 2301,1766 2359,1767 2417,1768 2475,1770 2533,1771 2591,1773 2649,1774 2707,1777 2765,1779 2824,1781 2882,1783 2940,1785 2998,1788 3056,1789 3114,1791 3172,1793 3230,1794 3288,1795 3346,1797 3405,1797 3405,1766 3346,1766 3288,1764 3230,1763 3172,1762 3114,1760 3056,1758 2998,1757 2940,1754 2882,1752 2824,1750 2765,1748 2707,1746 2649,1743 2591,1742 2533,1740 2475,1739 2417,1737 2359,1736 2301,1735 2243,1734"/><Baseline points="2243,1755 2301,1756 2359,1757 2417,1758 2475,1760 2533,1761 2591,1763 2649,1764 2707,1767 2765,1769 2824,1771 2882,1773 2940,1775 2998,1778 3056,1779 3114,1781 3172,1783 3230,1784 3288,1785 3346,1787 3405,1787"/><TextEquiv><Unicode>Equatio argumenti.</Unicode></TextEquiv></TextLine><TextLine custom="readingOrder {index:1;}" id="r2l37"><Coords points="2960,1738 2985,1740 3010,1743 3035,1744 3060,1745 3085,1746 3110,1746 3135,1746 3160,1746 3185,1746 3210,1745 3235,1744 3260,1744 3285,1744 3310,1745 3335,1746 3360,1747 3385,1749 3410,1752 3410,1721 3385,1718 3360,1716 3335,1715 3310,1714 3285,1713 3260,1713 3235,1713 3210,1714 3185,1715 3160,1715 3135,1715 3110,1715 3085,1715 3060,1714 3035,1713 3010,1712 2985,1709 2960,1707"/><Baseline points="2960,1728 2985,1730 3010,1733 3035,1734 3060,1735 3085,1736 3110,1736 3135,1736 3160,1736 3185,1736 3210,1735 3235,1734 3260,1734 3285,1734 3310,1735 3335,1736 3360,1737 3385,1739 3410,1742"/><TextEquiv><Unicode>Septimus terminus indicat</Unicode></TextEquiv></TextLine><TextLine custom="readingOrder {index:2;}" id="line_1637941956965_172"><Coords points="2951,1760 3433,1760 3433,1801 2951,1801"/><TextEquiv><Unicode>arcum patet in littera. Investigatio</Unicode></TextEquiv></TextLine><TextLine custom="readingOrder {index:3;}" id="r2l39"><Coords points="2231,1830 2289,1831 2348,1831 2406,1833 2465,1834 2523,1835 2582,1836 2640,1837 2699,1839 2757,1839 2816,1840 2875,1842 2933,1842 2992,1843 3050,1843 3109,1843 3167,1845 3226,1845 3284,1845 3343,1845 3402,1843 3402,1812 3343,1814 3284,1814 3226,1814 3167,1814 3109,1812 3050,1812 2992,1812 2933,1811 2875,1811 2816,1809 2757,1808 2699,1808 2640,1806 2582,1805 2523,1804 2465,1803 2406,1802 2348,1800 2289,1800 2231,1799"/><Baseline points="2231,1820 2289,1821 2348,1821 2406,1823 2465,1824 2523,1825 2582,1826 2640,1827 2699,1829 2757,1829 2816,1830 2875,1832 2933,1832 2992,1833 3050,1833 3109,1833 3167,1835 3226,1835 3284,1835 3343,1835 3402,1833"/><TextEquiv><Unicode>autem practice cuius arcus sit sicut circa lunam dictum.s.operando per semidia</Unicode></TextEquiv></TextLine><TextLine custom="readingOrder {index:4;}" id="r2l40"><Coords points="2237,1878 2295,1879 2354,1881 2412,1882 2471,1884 2529,1884 2588,1885 2646,1887 2705,1887 2763,1888 2822,1890 2881,1890 2939,1891 2998,1891 3056,1892 3115,1893 3173,1893 3232,1893 3290,1893 3349,1894 3408,1894 3408,1863 3349,1863 3290,1862 3232,1862 3173,1862 3115,1862 3056,1861 2998,1860 2939,1860 2881,1859 2822,1859 2763,1857 2705,1856 2646,1856 2588,1854 2529,1853 2471,1853 2412,1851 2354,1850 2295,1848 2237,1847"/><Baseline points="2237,1868 2295,1869 2354,1871 2412,1872 2471,1874 2529,1874 2588,1875 2646,1877 2705,1877 2763,1878 2822,1880 2881,1880 2939,1881 2998,1881 3056,1882 3115,1883 3173,1883 3232,1883 3290,1883 3349,1884 3408,1884"/><TextEquiv><Unicode>metrum epicicli et ecentrici et per ecentricitatem. Cum eo tamen recurrendum</Unicode></TextEquiv></TextLine><TextLine custom="readingOrder {index:5;}" id="r2l41"><Coords points="2231,1927 2280,1929 2329,1929 2378,1930 2428,1931 2477,1932 2526,1933 2575,1935 2625,1935 2674,1936 2723,1938 2772,1939 2822,1939 2871,1941 2920,1941 2969,1941 3019,1942 3068,1942 3117,1942 3166,1942 3216,1941 3216,1910 3166,1911 3117,1911 3068,1911 3019,1911 2969,1910 2920,1910 2871,1910 2822,1908 2772,1908 2723,1907 2674,1905 2625,1904 2575,1904 2526,1902 2477,1901 2428,1900 2378,1899 2329,1898 2280,1898 2231,1896"/><Baseline points="2231,1917 2280,1919 2329,1919 2378,1920 2428,1921 2477,1922 2526,1923 2575,1925 2625,1925 2674,1926 2723,1928 2772,1929 2822,1929 2871,1931 2920,1931 2969,1931 3019,1932 3068,1932 3117,1932 3166,1932 3216,1931"/><TextEquiv><Unicode>est ad Pto.aut ad Albeonem sive ad alios mathematicos.</Unicode></TextEquiv></TextLine><TextEquiv><Unicode>Equatio argumenti.
Septimus terminus indicat
arcum patet in littera. Investigatio
autem practice cuius arcus sit sicut circa lunam dictum.s.operando per semidia
metrum epicicli et ecentrici et per ecentricitatem. Cum eo tamen recurrendum
est ad Pto.aut ad Albeonem sive ad alios mathematicos.</Unicode></TextEquiv></TextRegion><TextRegion custom="readingOrder {index:7;} structure {type:paragraph;}" id="TextRegion_1637850287513_369" orientation="0.0" type="paragraph"><Coords points="2222,1937 3431,1937 3431,2188 2222,2188"/><TextLine custom="readingOrder {index:0;} heading {offset:0; length:29;}" id="r2l43"><Coords points="2231,1998 2293,2004 2355,2008 2417,2011 2479,2014 2541,2016 2603,2017 2665,2019 2727,2019 2789,2019 2851,2020 2913,2020 2975,2020 3037,2022 3099,2023 3161,2026 3223,2028 3285,2033 3347,2038 3410,2046 3410,2015 3347,2007 3285,2002 3223,1997 3161,1995 3099,1992 3037,1991 2975,1989 2913,1989 2851,1989 2789,1988 2727,1988 2665,1988 2603,1986 2541,1985 2479,1983 2417,1980 2355,1977 2293,1973 2231,1967"/><Baseline points="2231,1988 2293,1994 2355,1998 2417,2001 2479,2004 2541,2006 2603,2007 2665,2009 2727,2009 2789,2009 2851,2010 2913,2010 2975,2010 3037,2012 3099,2013 3161,2016 3223,2018 3285,2023 3347,2028 3410,2036"/><TextEquiv><Unicode>Cum verum argumentum equatum.</Unicode></TextEquiv></TextLine><TextLine custom="readingOrder {index:1;}" id="r2l42"><Coords points="3308,1984 3334,1988 3360,1992 3386,1994 3413,1996 3413,1965 3386,1963 3360,1961 3334,1957 3308,1953"/><Baseline points="3308,1974 3334,1978 3360,1982 3386,1984 3413,1986"/><TextEquiv><Unicode>Ideo et</Unicode></TextEquiv></TextLine><TextLine custom="readingOrder {index:2;}" id="line_1637942195406_183"><Coords points="3426,2038 3286,2038 3286,1999 3426,1999"/><TextEquiv><Unicode>tunc cor</Unicode></TextEquiv></TextLine><TextLine custom="readingOrder {index:3;}" id="r2l44"><Coords points="2232,2070 2290,2072 2349,2074 2408,2075 2467,2077 2526,2077 2585,2079 2644,2080 2703,2080 2762,2082 2821,2082 2879,2083 2938,2083 2997,2085 3056,2085 3115,2086 3174,2088 3233,2089 3292,2089 3351,2091 3410,2094 3410,2063 3351,2060 3292,2058 3233,2058 3174,2057 3115,2055 3056,2054 2997,2054 2938,2052 2879,2052 2821,2051 2762,2051 2703,2049 2644,2049 2585,2048 2526,2046 2467,2046 2408,2044 2349,2043 2290,2041 2232,2039"/><Baseline points="2232,2060 2290,2062 2349,2064 2408,2065 2467,2067 2526,2067 2585,2069 2644,2070 2703,2070 2762,2072 2821,2072 2879,2073 2938,2073 2997,2075 3056,2075 3115,2076 3174,2078 3233,2079 3292,2079 3351,2081 3410,2084"/><TextEquiv><Unicode>pus planete fit in illa medietate que est verus orientem et in ulteriori loco fit</Unicode></TextEquiv></TextLine><TextLine custom="readingOrder {index:4;}" id="r2l45"><Coords points="2222,2119 2284,2121 2346,2122 2408,2124 2470,2125 2532,2127 2594,2128 2656,2130 2718,2131 2780,2131 2842,2133 2904,2134 2966,2134 3028,2136 3090,2136 3152,2137 3214,2138 3276,2139 3338,2140 3401,2140 3401,2109 3338,2109 3276,2108 3214,2107 3152,2106 3090,2105 3028,2105 2966,2103 2904,2103 2842,2102 2780,2100 2718,2100 2656,2099 2594,2097 2532,2096 2470,2094 2408,2093 2346,2091 2284,2090 2222,2088"/><Baseline points="2222,2109 2284,2111 2346,2112 2408,2114 2470,2115 2532,2117 2594,2118 2656,2120 2718,2121 2780,2121 2842,2123 2904,2124 2966,2124 3028,2126 3090,2126 3152,2127 3214,2128 3276,2129 3338,2130 3401,2130"/><TextEquiv><Unicode>linea veri loci planete quam linea veri loci epicicli. Illa.n.linea dicitur</Unicode></TextEquiv></TextLine><TextLine custom="readingOrder {index:5;}" id="r2l46"><Coords points="2226,2169 2284,2170 2343,2172 2402,2173 2461,2175 2520,2176 2579,2178 2638,2179 2697,2181 2756,2182 2815,2182 2873,2184 2932,2185 2991,2185 3050,2187 3109,2187 3168,2188 3227,2188 3286,2188 3345,2188 3404,2188 3404,2157 3345,2157 3286,2157 3227,2157 3168,2157 3109,2156 3050,2156 2991,2154 2932,2154 2873,2153 2815,2151 2756,2151 2697,2150 2638,2148 2579,2147 2520,2145 2461,2144 2402,2142 2343,2141 2284,2139 2226,2138"/><Baseline points="2226,2159 2284,2160 2343,2162 2402,2163 2461,2165 2520,2166 2579,2168 2638,2169 2697,2171 2756,2172 2815,2172 2873,2174 2932,2175 2991,2175 3050,2177 3109,2177 3168,2178 3227,2178 3286,2178 3345,2178 3404,2178"/><TextEquiv><Unicode>precedere alteram que ulterior est secundum successionem signorum zodiaci. Et ideo</Unicode></TextEquiv></TextLine><TextEquiv><Unicode>Cum verum argumentum equatum.
Ideo et
tunc cor
pus planete fit in illa medietate que est verus orientem et in ulteriori loco fit
linea veri loci planete quam linea veri loci epicicli. Illa.n.linea dicitur
precedere alteram que ulterior est secundum successionem signorum zodiaci. Et ideo</Unicode></TextEquiv></TextRegion><TextRegion custom="readingOrder {index:8;} structure {type:catch-word;}" id="region_1637942418980_197" type="catch-word"><Coords points="3271,2230 3199,2230 3199,2190 3271,2190"/><TextLine custom="readingOrder {index:0;}" id="line_1637942438382_203"><Coords points="3213,2197 3265,2197 3265,2228 3213,2228"/><TextEquiv><Unicode>f</Unicode></TextEquiv></TextLine><TextEquiv><Unicode>f</Unicode></TextEquiv></TextRegion></Page></PcGts>