4076 2854
clinatio stelle. littera autem de istis passionibus satis plurimum est manifesta nec
707 386 1876 447 eget quaquam additione pro sui manifestatione presertim ad eas passiones que po
701 436 1869 496 nuntur usque ad quartum capitulum. Notandum autem pro littera circa finem tertii capi
704 483 1871 545 tuli non dicitur que coniunctio vera aliquando sic mediam precessit. per argumentum lune
699 531 1869 591 verum inventum pro tempore medie coniunctionis cognosci poterit quando media coniun
712 580 1869 638 ctio veram precedit et quando vera mediam. Nam cum argumentum verum lune tempore me
702 624 1873 688 die coniunctionis aut oppositionis a nullis usque ad. 6. signa. tunc media pre
697 675 1874 735 cedit veram: hoc est priori tempore sit media et post vera. Si autem predictum argumen
707 726 1874 788 tum fuerit a. 6. signis usque ad. 12. iterum prioori tempore sit vera et posteriori media:
verum ratione equationis solaris tempore coniunctionis aut oppositionis medie po
terit predicta regula modicam pati calumnia: et hoc tamen quando predictum argumentum
702 867 1877 933 lune esset nihil in signis et paucum in gradibus vel prope. 12. in signis etc. Cum autem
707 921 1825 984 visibilis precedit veram aut sequitur littera inferius sufficienter declarat. etc.
694 990 1371 1073 Locus verus astri.
1363 967 1873 1030 Capitulum quartum in quo magi
696 978 1879 1078 ster incipit agere de diversitate
696 1062 1877 1128 aspectus: et hoc premittit quando sub alio puncto firmamenti est astrum in or
dine ad centrum mundi: et sub alio in ordine ad visum seu oculum in superficie ter
re constitutum. Intelligendum tamen est hoc non universaliter de quocunque astro
708 1211 1879 1276 quoniam factum est universaliter intelligendo: sed dumtaxat verum est de illis astris
708 1257 1877 1325 quorum orbes sunt tanti: que terra respectu orbium ipsorum fit sensibilis quanti
694 1317 1880 1369 tatis sicut respectu lune mercurii veneris solis et parum martis. Nulla
697 1363 1877 1417 ergo est diversitas in loco vero apparenti in Iove Saturno et in stellis fixis
697 1407 1774 1477 quoniam terra respectu orbium ipsarum nullius est sensibilis quantitatis.
696 1469 1609 1564 Diversitas aspectus astri.
1620 1450 1882 1515 Hic primo magi
699 1460 1866 1566 ster tractat de di
697 1553 1868 1615 versitate aspectus cuiuscumque astri: demum specialiter descendit ad diversitatem
705 1602 1868 1661 aspectus lune que habet supra solem et diversitas aspectus lune ad solem. Notan
691 1648 1874 1709 dum autem que diversitas aspectus nil aliud est nisi diversus seu alius locus astri
694 1702 1871 1758 in quo apparet oculo in superficie terre constituto a loco vero eiusdem astri.
693 1745 1869 1813 Istam autem diversitatem ipsa terra efficit sic. que cum ipsa fuerit sensibilis quan
697 1804 1858 1858 titatis respectu orbis alicuius astri. Tunc due linee quarum altera de centro
697 1845 1861 1905 mundi per centrum stelle: et altera de superficie terre constituto per centrum similiter
705 1896 1861 1959 stelle ducitur in firmamento diversa puncta tangunt: pro tanto ergo diversus
696 1948 1871 2005 erit locus apparens a vero. arcus ergo interceptus inter locum apparentem
699 1986 1865 2054 astri et inter locum verum astri est diversus aspectus. unde et dictus astri arcus
693 2039 1871 2108 interceptus potest esse vel circuli latitudinis idest circuli in quo computatur
701 2089 1869 2178 altitudo astri. s. ab orizonte: vel a cenith orizontis que circulus azimuth appel
2218 315 3394 440 latur. Vel circuli longitudinis seu ecliptice quod idem est. vel circuli latitudinis
2223 390 3384 485 s. in quo computatur latitudo. ideo triplex assignatur diversitas aspectus. s. diver
2217 442 3394 534 sitas aspectus in circulo altitudinis. Et ipsa quod sit patet in littera. Diversitas
2223 493 3386 586 aspectus in longitudine et diversitas aspectus in latitudine iste etiam sufficienter ex
2217 537 3379 629 primuntur per magistrum. Diversitas etiam aspectus in circulo altitudinis per ma
2221 586 3382 678 gistrum absolute vocatur diversitas aspectus. ideo et in tali circulo maior fit
2221 638 3392 729 quam in circulo longitudinis aut latitudinis et ipsa est sine qua alie minime
2206 680 3384 776 habere possunt. Quod autem magister dicat in littera astrum quod vicimus fuerit terre
2210 732 3384 826 maiorem habet diversitatem ideo est: et linee indicantes locum verum et apparentem talis
2206 781 3382 881 astri plus diversificabuntur ab invicem in firmamento: quoniam illius astri quod est remo
2214 824 3382 929 tius a terra ut patet ex lineis se secantibus que quanto longius protenduntur ultra pun
2209 879 3379 976 ctum in quo secant tanto magis ab invicem differunt: predicta etiam diversitas orizon
2209 925 3373 1025 ti propinqua maior fit ex causa que assignatur in prima parte Perspective propone. 63.
2198 978 3376 1073 et sequentibus. quanta etiam sit semidiameter terre et orbis lune: patet per Pto. d. 5.
2193 1025 3376 1119 c. 15. quanta vero martis per eundem patet.d.10.c.7. per instrumentum autem speciale hoc vo
2199 1075 3382 1173 catur regulare seu aldidade (cuius Pto. d. 5. c. 12. meminit et ponit composi
2206 1120 3386 1216 tionem per quod accipitur diversitas aspectus) cognosci potest respectu cuius astri
2199 1168 3376 1270 terra perceptibilem sui habeat quantitatem: et per consequens in quo astro diver
2202 1217 3371 1314 sitas aspectus inveniatur et in quo non. Quod etiam magister dicat diversitatem aspe
2193 1266 3352 1361 ctus esse lineam diagonalem. i. lineam euntem per duos angulos quadranguli cuius
2190 1317 3367 1417 quadranguli latera sunt diversitates aspectus in longitudine et latitudine in
2199 1363 3365 1461 telligendum est de diversitate aspectus que est in circulo altitudinis seu in circu
2193 1406 3357 1507 lo verticali seu azimuth quod idem est. Et hoc etiam patet per Albeonem in prima parte
2183 1461 3352 1555 propositione. 17. in qua dicit. Cum signate fuerint diversitates aspectus in lon
2187 1517 3349 1607 gitudine et latitudine erunt diversitates in longitudine et latitudine tanquam
2188 1560 3352 1664 latera quadranguli orthogonalis. Et diversitas in altitudine tanquam dia
2182 1614 2662 1688 gonalis eiusdem. hec ille etc.
2185 1691 3077 1782 Diversitats aspectus lune.
3068 1677 3355 1758 Specialiter ostendit
2180 1656 3346 1810 quid sit diversus.
2179 1755 3344 1847 aspectus lune et et primus visum est: que quanto aliquod astrum terre propinquius
2177 1807 3346 1896 fuerit tanto maiorem habet diversitatem aspectus. Sicut luna propinquior est terre
2180 1850 3346 1950 quam sol. ideo maior erit diversitas aspectus lune quam solis. habitis ergo
2174 1901 3340 1994 diversitatibus et solis et lune seorsum subtractaque solis diversitate que
2175 1947 3338 2053 minor est de illa que luna habet residuum dicitur diversitas aspectus lune ad so
2179 1994 3333 2096 lem sicut patet in littera. he autem diversitates aspectus tam solis quam lune iuxta
2174 2050 3330 2150 tabulas et canones primi mobilis inveniri possunt atque specialiter in tabulis
2171 2094 3168 2208 eclipsium reponere quemadmodum nonnulli doctrinales fecerunt.
3129 2170 3224 2249 g iiij
