<?xml version="1.0" encoding="UTF-8" standalone="no"?><PcGts xmlns:xsi="http://www.w3.org/2001/XMLSchema-instance" xsi:schemaLocation="http://schema.primaresearch.org/PAGE/gts/pagecontent/2019-07-15 http://schema.primaresearch.org/PAGE/gts/pagecontent/2019-07-15/pagecontent.xsd" xmlns="http://schema.primaresearch.org/PAGE/gts/pagecontent/2019-07-15"><Metadata><Creator>prov=University of Rostock/Institute of Mathematics/CITlab|PLANET AI GmbH/Tobias Gruening/tobias.gruening@planet-ai.de:name=/net_tf/LA73_249_0mod360.pb:de.uros.citlab.segmentation.CITlab_LA_ML:v=2.6.7
Transkribus</Creator><Created>2021-11-22T14:18:04</Created><LastChange>2022-12-09T15:44:26</LastChange><Comments/></Metadata><Page imageFilename="839309_0032_31120475.jpg" imageHeight="2854" imageWidth="4076"><ReadingOrder><OrderedGroup caption="Regions reading order" id="ro_1670597066100"><RegionRefIndexed index="0" regionRef="TextRegion_1637776897992_392"/><RegionRefIndexed index="1" regionRef="TextRegion_1637776903176_398"/><RegionRefIndexed index="2" regionRef="TextRegion_1637776907314_403"/><RegionRefIndexed index="3" regionRef="TextRegion_1637776907313_402"/><RegionRefIndexed index="4" regionRef="TextRegion_1637776912110_408"/><RegionRefIndexed index="5" regionRef="TextRegion_1637776914835_413"/><RegionRefIndexed index="6" regionRef="TextRegion_1637776922647_418"/><RegionRefIndexed index="7" regionRef="TextRegion_1637776922647_417"/></OrderedGroup></ReadingOrder><TextRegion custom="readingOrder {index:0;} structure {type:paragraph;}" id="TextRegion_1637776897992_392" orientation="0.0" type="paragraph"><Coords points="596,360 1794,360 1794,973 596,973"/><TextLine custom="readingOrder {index:0;} heading {offset:0; length:16;}" id="r1l2"><Coords points="596,431 627,433 658,433 689,434 721,434 752,434 783,434 814,434 846,433 877,433 908,433 939,433 971,431 1002,431 1033,431 1064,431 1096,431 1127,431 1158,431 1189,433 1221,433 1221,399 1189,399 1158,397 1127,397 1096,397 1064,397 1033,397 1002,397 971,397 939,399 908,399 877,399 846,399 814,400 783,400 752,400 721,400 689,400 658,399 627,399 596,397"/><Baseline points="596,420 627,422 658,422 689,423 721,423 752,423 783,423 814,423 846,422 877,422 908,422 939,422 971,420 1002,420 1033,420 1064,420 1096,420 1127,420 1158,420 1189,422 1221,422"/><TextEquiv><Unicode>Aux autem media.</Unicode></TextEquiv></TextLine><TextLine custom="readingOrder {index:1;}" id="r1l1"><Coords points="1253,394 1280,395 1307,397 1334,397 1361,398 1388,398 1415,398 1442,398 1469,398 1496,397 1523,397 1550,397 1577,397 1604,395 1631,395 1658,395 1685,395 1712,395 1739,397 1766,397 1794,398 1794,364 1766,363 1739,363 1712,361 1685,361 1658,361 1631,361 1604,361 1577,363 1550,363 1523,363 1496,363 1469,364 1442,364 1415,364 1388,364 1361,364 1334,363 1307,363 1280,361 1253,360"/><Baseline points="1253,383 1280,384 1307,386 1334,386 1361,387 1388,387 1415,387 1442,387 1469,387 1496,386 1523,386 1550,386 1577,386 1604,384 1631,384 1658,384 1685,384 1712,384 1739,386 1766,386 1794,387"/><TextEquiv><Unicode>Declarat diversam dispositionem epi</Unicode></TextEquiv></TextLine><TextLine custom="readingOrder {index:2;}" id="r1l3"><Coords points="1235,442 1262,443 1289,444 1317,445 1344,445 1372,446 1399,446 1427,446 1454,446 1482,446 1509,446 1536,446 1564,446 1591,445 1619,445 1646,445 1674,445 1701,445 1729,445 1756,446 1784,446 1784,412 1756,412 1729,411 1701,411 1674,411 1646,411 1619,411 1591,411 1564,412 1536,412 1509,412 1482,412 1454,412 1427,412 1399,412 1372,412 1344,411 1317,411 1289,410 1262,409 1235,408"/><Baseline points="1235,431 1262,432 1289,433 1317,434 1344,434 1372,435 1399,435 1427,435 1454,435 1482,435 1509,435 1536,435 1564,435 1591,434 1619,434 1646,434 1674,434 1701,434 1729,434 1756,435 1784,435"/><TextEquiv><Unicode>cicli quam habet in suis partibus in</Unicode></TextEquiv></TextLine><TextLine custom="readingOrder {index:3;}" id="r1l4"><Coords points="608,496 666,496 724,496 783,496 841,496 899,496 958,496 1016,496 1074,496 1133,495 1191,494 1249,494 1308,494 1366,494 1424,494 1483,494 1541,494 1599,494 1658,494 1716,494 1775,494 1775,460 1716,460 1658,460 1599,460 1541,460 1483,460 1424,460 1366,460 1308,460 1249,460 1191,460 1133,461 1074,462 1016,462 958,462 899,462 841,462 783,462 724,462 666,462 608,462"/><Baseline points="608,485 666,485 724,485 783,485 841,485 899,485 958,485 1016,485 1074,485 1133,484 1191,483 1249,483 1308,483 1366,483 1424,483 1483,483 1541,483 1599,483 1658,483 1716,483 1775,483"/><TextEquiv><Unicode>ordine ad centrum equantis et in ordine ad centrum signorum. dimittit autem ecen</Unicode></TextEquiv></TextLine><TextLine custom="readingOrder {index:4;}" id="r1l5"><Coords points="617,544 675,544 733,545 792,545 850,545 909,545 967,545 1025,544 1084,544 1142,544 1201,544 1259,542 1317,542 1376,542 1434,542 1493,541 1551,541 1609,541 1668,541 1726,542 1785,542 1785,508 1726,508 1668,507 1609,507 1551,507 1493,507 1434,508 1376,508 1317,508 1259,508 1201,510 1142,510 1084,510 1025,510 967,511 909,511 850,511 792,511 733,511 675,510 617,510"/><Baseline points="617,533 675,533 733,534 792,534 850,534 909,534 967,534 1025,533 1084,533 1142,533 1201,533 1259,531 1317,531 1376,531 1434,531 1493,530 1551,530 1609,530 1668,530 1726,531 1785,531"/><TextEquiv><Unicode>tricum: et in eo similiter accipienda sunt illa. Littera etiam in se satis manifesta</Unicode></TextEquiv></TextLine><TextLine custom="readingOrder {index:5;}" id="r1l6"><Coords points="624,593 681,595 739,595 797,595 855,593 912,593 970,593 1028,593 1086,593 1143,593 1201,593 1259,592 1317,592 1374,592 1432,592 1490,592 1548,592 1605,592 1663,592 1721,592 1779,592 1779,558 1721,558 1663,558 1605,558 1548,558 1490,558 1432,558 1374,558 1317,558 1259,558 1201,559 1143,559 1086,559 1028,559 970,559 912,559 855,559 797,561 739,561 681,561 624,559"/><Baseline points="624,582 681,584 739,584 797,584 855,582 912,582 970,582 1028,582 1086,582 1143,582 1201,582 1259,581 1317,581 1374,581 1432,581 1490,581 1548,581 1605,581 1663,581 1721,581 1779,581"/><TextEquiv><Unicode>est de auge media et vera similiter de eorum idemptitate et diversitate. centro</Unicode></TextEquiv></TextLine><TextLine custom="readingOrder {index:6;}" id="r1l7"><Coords points="617,643 675,643 733,643 791,643 849,641 907,641 965,641 1023,641 1081,641 1139,641 1197,641 1255,641 1313,640 1371,640 1429,640 1487,640 1545,640 1603,640 1661,640 1719,640 1778,640 1778,606 1719,606 1661,606 1603,606 1545,606 1487,606 1429,606 1371,606 1313,606 1255,607 1197,607 1139,607 1081,607 1023,607 965,607 907,607 849,607 791,609 733,609 675,609 617,609"/><Baseline points="617,632 675,632 733,632 791,632 849,630 907,630 965,630 1023,630 1081,630 1139,630 1197,630 1255,630 1313,629 1371,629 1429,629 1487,629 1545,629 1603,629 1661,629 1719,629 1778,629"/><TextEquiv><Unicode>enim epicicli de loco augis ecentrici progrediente. statim linee augis medie</Unicode></TextEquiv></TextLine><TextLine custom="readingOrder {index:7;}" id="r1l8"><Coords points="620,692 678,692 736,692 794,691 853,691 911,691 969,691 1027,690 1086,689 1144,689 1202,689 1260,689 1319,689 1377,689 1435,689 1493,689 1552,689 1610,689 1668,689 1726,689 1785,689 1785,655 1726,655 1668,655 1610,655 1552,655 1493,655 1435,655 1377,655 1319,655 1260,655 1202,655 1144,655 1086,655 1027,656 969,657 911,657 853,657 794,657 736,658 678,658 620,658"/><Baseline points="620,681 678,681 736,681 794,680 853,680 911,680 969,680 1027,679 1086,678 1144,678 1202,678 1260,678 1319,678 1377,678 1435,678 1493,678 1552,678 1610,678 1668,678 1726,678 1785,678"/><TextEquiv><Unicode>et vere a se invicem incipiunt discedere: continueque a se magis recedunt</Unicode></TextEquiv></TextLine><TextLine custom="readingOrder {index:8;}" id="r1l9"><Coords points="624,740 682,740 740,740 798,740 856,740 914,740 972,740 1030,740 1088,739 1146,739 1204,739 1262,739 1320,739 1378,739 1436,739 1494,739 1552,737 1610,737 1668,737 1726,737 1785,737 1785,703 1726,703 1668,703 1610,703 1552,703 1494,705 1436,705 1378,705 1320,705 1262,705 1204,705 1146,705 1088,705 1030,706 972,706 914,706 856,706 798,706 740,706 682,706 624,706"/><Baseline points="624,729 682,729 740,729 798,729 856,729 914,729 972,729 1030,729 1088,728 1146,728 1204,728 1262,728 1320,728 1378,728 1436,728 1494,728 1552,726 1610,726 1668,726 1726,726 1785,726"/><TextEquiv><Unicode>usque dum centrum epicicli fuerit constitutum in longitudine media ecentrici ibi</Unicode></TextEquiv></TextLine><TextLine custom="readingOrder {index:9;}" id="r1l10"><Coords points="612,791 670,790 729,790 788,790 847,788 906,788 964,788 1023,788 1082,788 1141,788 1200,788 1258,788 1317,788 1376,788 1435,788 1494,787 1552,787 1611,787 1670,787 1729,785 1788,785 1788,751 1729,751 1670,753 1611,753 1552,753 1494,753 1435,754 1376,754 1317,754 1258,754 1200,754 1141,754 1082,754 1023,754 964,754 906,754 847,754 788,756 729,756 670,756 612,757"/><Baseline points="612,780 670,779 729,779 788,779 847,777 906,777 964,777 1023,777 1082,777 1141,777 1200,777 1258,777 1317,777 1376,777 1435,777 1494,776 1552,776 1611,776 1670,776 1729,774 1788,774"/><TextEquiv><Unicode>iam maxime a se distant: sicut dicit littera. Centro autem de hoc loco versus</Unicode></TextEquiv></TextLine><TextLine custom="readingOrder {index:10;}" id="r1l11"><Coords points="614,839 672,839 730,839 788,838 846,838 904,838 962,836 1020,836 1078,836 1136,836 1194,836 1252,836 1310,836 1368,835 1426,835 1484,835 1542,835 1600,835 1658,835 1716,835 1775,835 1775,801 1716,801 1658,801 1600,801 1542,801 1484,801 1426,801 1368,801 1310,802 1252,802 1194,802 1136,802 1078,802 1020,802 962,802 904,804 846,804 788,804 730,805 672,805 614,805"/><Baseline points="614,828 672,828 730,828 788,827 846,827 904,827 962,825 1020,825 1078,825 1136,825 1194,825 1252,825 1310,825 1368,824 1426,824 1484,824 1542,824 1600,824 1658,824 1716,824 1775,824"/><TextEquiv><Unicode>oppositum augis ecentrici eunte dicte linee augium ad se successive appro</Unicode></TextEquiv></TextLine><TextLine custom="readingOrder {index:11;}" id="r1l12"><Coords points="617,889 675,889 733,888 791,887 849,887 908,886 966,886 1024,886 1082,884 1140,884 1199,884 1257,884 1315,884 1373,883 1431,883 1490,883 1548,883 1606,884 1664,884 1722,884 1781,884 1781,850 1722,850 1664,850 1606,850 1548,849 1490,849 1431,849 1373,849 1315,850 1257,850 1199,850 1140,850 1082,850 1024,852 966,852 908,852 849,853 791,853 733,854 675,855 617,855"/><Baseline points="617,878 675,878 733,877 791,876 849,876 908,875 966,875 1024,875 1082,873 1140,873 1199,873 1257,873 1315,873 1373,872 1431,872 1490,872 1548,872 1606,873 1664,873 1722,873 1781,873"/><TextEquiv><Unicode>ximant usque dum centrum epicicli fuerit in oppositum augis ecentrici: ubi fue</Unicode></TextEquiv></TextLine><TextLine custom="readingOrder {index:12;}" id="r1l13"><Coords points="620,937 678,935 736,935 794,935 853,935 911,935 969,935 1027,935 1086,935 1144,935 1202,935 1260,935 1319,935 1377,935 1435,934 1493,934 1552,934 1610,934 1668,934 1726,934 1785,934 1785,900 1726,900 1668,900 1610,900 1552,900 1493,900 1435,900 1377,901 1319,901 1260,901 1202,901 1144,901 1086,901 1027,901 969,901 911,901 853,901 794,901 736,901 678,901 620,903"/><Baseline points="620,926 678,924 736,924 794,924 853,924 911,924 969,924 1027,924 1086,924 1144,924 1202,924 1260,924 1319,924 1377,924 1435,923 1493,923 1552,923 1610,923 1668,923 1726,923 1785,923"/><TextEquiv><Unicode>rit una et eadem: quemadmodum in auge. Et in reliqua medietate conformi</Unicode></TextEquiv></TextLine><TextLine custom="readingOrder {index:13;}" id="r1l14"><Coords points="615,985 640,986 665,986 690,985 715,985 740,985 765,985 790,985 815,985 840,985 865,987 890,989 890,955 865,953 840,951 815,951 790,951 765,951 740,951 715,951 690,951 665,952 640,952 615,951"/><Baseline points="615,974 640,975 665,975 690,974 715,974 740,974 765,974 790,974 815,974 840,974 865,976 890,978"/><TextEquiv><Unicode>ter intelligatur.</Unicode></TextEquiv></TextLine><TextEquiv><Unicode>Aux autem media.
Declarat diversam dispositionem epi
cicli quam habet in suis partibus in
ordine ad centrum equantis et in ordine ad centrum signorum. dimittit autem ecen
tricum: et in eo similiter accipienda sunt illa. Littera etiam in se satis manifesta
est de auge media et vera similiter de eorum idemptitate et diversitate. centro
enim epicicli de loco augis ecentrici progrediente. statim linee augis medie
et vere a se invicem incipiunt discedere: continueque a se magis recedunt
usque dum centrum epicicli fuerit constitutum in longitudine media ecentrici ibi
iam maxime a se distant: sicut dicit littera. Centro autem de hoc loco versus
oppositum augis ecentrici eunte dicte linee augium ad se successive appro
ximant usque dum centrum epicicli fuerit in oppositum augis ecentrici: ubi fue
rit una et eadem: quemadmodum in auge. Et in reliqua medietate conformi
ter intelligatur.</Unicode></TextEquiv></TextRegion><TextRegion custom="readingOrder {index:1;} structure {type:paragraph;}" id="TextRegion_1637776903176_398" orientation="0.0" type="paragraph"><Coords points="596,973 1794,973 1794,1818 596,1818"/><TextLine custom="readingOrder {index:0;}" id="r1l15"><Coords points="1062,1031 1098,1031 1134,1031 1170,1032 1206,1033 1242,1033 1278,1033 1314,1033 1350,1033 1386,1033 1423,1033 1459,1033 1495,1033 1531,1033 1567,1033 1603,1031 1639,1031 1675,1030 1711,1030 1747,1028 1784,1027 1784,994 1747,995 1711,997 1675,997 1639,998 1603,998 1567,1000 1531,1000 1495,1000 1459,1000 1423,1000 1386,1000 1350,1000 1314,1000 1278,1000 1242,1000 1206,1000 1170,999 1134,998 1098,998 1062,998"/><Baseline points="1062,1020 1098,1020 1134,1020 1170,1021 1206,1022 1242,1022 1278,1022 1314,1022 1350,1022 1386,1022 1423,1022 1459,1022 1495,1022 1531,1022 1567,1022 1603,1020 1639,1020 1675,1019 1711,1019 1747,1017 1784,1016"/><TextEquiv><Unicode>Tertia pars principalis in qua declarat termi</Unicode></TextEquiv></TextLine><TextLine custom="readingOrder {index:1;}" id="r1l16"><Coords points="614,1068 672,1066 730,1066 788,1066 846,1066 904,1068 962,1069 1020,1071 1078,1072 1136,1074 1195,1077 1253,1078 1311,1080 1369,1081 1427,1081 1485,1081 1543,1081 1601,1081 1659,1080 1717,1078 1776,1074 1776,1043 1717,1047 1659,1049 1601,1050 1543,1050 1485,1050 1427,1050 1369,1050 1311,1049 1253,1047 1195,1046 1136,1043 1078,1041 1020,1040 962,1038 904,1037 846,1035 788,1035 730,1035 672,1035 614,1037"/><Baseline points="614,1058 672,1056 730,1056 788,1056 846,1056 904,1058 962,1059 1020,1061 1078,1062 1136,1064 1195,1067 1253,1068 1311,1070 1369,1071 1427,1071 1485,1071 1543,1071 1601,1071 1659,1070 1717,1068 1776,1064"/><TextEquiv><Unicode>nos. Iam sepius dictum est: quod aux in prima significa</Unicode></TextEquiv></TextLine><TextLine custom="readingOrder {index:2;}" id="r1l17"><Coords points="624,1132 682,1132 740,1132 798,1132 856,1132 914,1132 972,1132 1031,1130 1089,1130 1147,1130 1205,1130 1263,1130 1321,1130 1379,1129 1438,1129 1496,1129 1554,1129 1612,1127 1670,1127 1728,1127 1787,1126 1787,1092 1728,1093 1670,1093 1612,1093 1554,1095 1496,1095 1438,1095 1379,1095 1321,1096 1263,1096 1205,1096 1147,1096 1089,1096 1031,1096 972,1098 914,1098 856,1098 798,1098 740,1098 682,1098 624,1098"/><Baseline points="624,1121 682,1121 740,1121 798,1121 856,1121 914,1121 972,1121 1031,1119 1089,1119 1147,1119 1205,1119 1263,1119 1321,1119 1379,1118 1438,1118 1496,1118 1554,1118 1612,1116 1670,1116 1728,1116 1787,1115"/><TextEquiv><Unicode>tione punctum ecentrici nominat maxime distantem a centro mundi: quem ostendit.</Unicode></TextEquiv></TextLine><TextLine custom="readingOrder {index:3;}" id="r1l18"><Coords points="615,1181 673,1181 732,1181 790,1181 849,1180 907,1180 966,1180 1024,1180 1083,1180 1141,1181 1200,1181 1258,1181 1317,1181 1375,1181 1434,1181 1492,1180 1551,1180 1609,1180 1668,1179 1726,1178 1785,1178 1785,1144 1726,1144 1668,1145 1609,1146 1551,1146 1492,1146 1434,1147 1375,1147 1317,1147 1258,1147 1200,1147 1141,1147 1083,1146 1024,1146 966,1146 907,1146 849,1146 790,1147 732,1147 673,1147 615,1147"/><Baseline points="615,1170 673,1170 732,1170 790,1170 849,1169 907,1169 966,1169 1024,1169 1083,1169 1141,1170 1200,1170 1258,1170 1317,1170 1375,1170 1434,1170 1492,1169 1551,1169 1609,1169 1668,1168 1726,1167 1785,1167"/><TextEquiv><Unicode>linea de centro mundi per centrum ecentrici ducta que quidem linea prote~sa usque</Unicode></TextEquiv></TextLine><TextLine custom="readingOrder {index:4;}" id="r1l19"><Coords points="612,1229 670,1229 728,1229 786,1229 845,1229 903,1229 961,1229 1020,1229 1078,1229 1136,1229 1195,1229 1253,1229 1311,1229 1369,1228 1428,1228 1486,1228 1544,1228 1603,1227 1661,1226 1719,1226 1778,1225 1778,1191 1719,1192 1661,1192 1603,1193 1544,1194 1486,1194 1428,1194 1369,1194 1311,1195 1253,1195 1195,1195 1136,1195 1078,1195 1020,1195 961,1195 903,1195 845,1195 786,1195 728,1195 670,1195 612,1195"/><Baseline points="612,1218 670,1218 728,1218 786,1218 845,1218 903,1218 961,1218 1020,1218 1078,1218 1136,1218 1195,1218 1253,1218 1311,1218 1369,1217 1428,1217 1486,1217 1544,1217 1603,1216 1661,1215 1719,1215 1778,1214"/><TextEquiv><Unicode>ad zodiacum ostendit punctum zodiaci. sub quo sit ille punctus. Sed aux in secunda</Unicode></TextEquiv></TextLine><TextLine custom="readingOrder {index:5;}" id="r1l20"><Coords points="614,1279 672,1279 730,1279 789,1279 847,1279 906,1279 964,1279 1022,1279 1081,1279 1139,1279 1198,1279 1256,1279 1314,1278 1373,1277 1431,1277 1490,1277 1548,1277 1606,1277 1665,1276 1723,1276 1782,1276 1782,1243 1723,1243 1665,1243 1606,1244 1548,1244 1490,1244 1431,1244 1373,1244 1314,1245 1256,1246 1198,1246 1139,1246 1081,1246 1022,1246 964,1246 906,1246 847,1246 789,1246 730,1246 672,1246 614,1246"/><Baseline points="614,1268 672,1268 730,1268 789,1268 847,1268 906,1268 964,1268 1022,1268 1081,1268 1139,1268 1198,1268 1256,1268 1314,1267 1373,1266 1431,1266 1490,1266 1548,1266 1606,1266 1665,1265 1723,1265 1782,1265"/><TextEquiv><Unicode>significatione nominat totum arcum zodiaci ab arietis initio usque ad dictam</Unicode></TextEquiv></TextLine><TextLine custom="readingOrder {index:6;}" id="r1l21"><Coords points="614,1330 672,1328 730,1328 788,1328 846,1327 904,1327 962,1327 1020,1327 1078,1328 1136,1328 1194,1328 1252,1328 1310,1328 1368,1327 1426,1327 1484,1327 1542,1326 1600,1325 1658,1324 1716,1322 1775,1321 1775,1288 1716,1289 1658,1291 1600,1292 1542,1293 1484,1294 1426,1294 1368,1294 1310,1295 1252,1295 1194,1295 1136,1295 1078,1295 1020,1294 962,1294 904,1294 846,1294 788,1295 730,1295 672,1295 614,1297"/><Baseline points="614,1319 672,1317 730,1317 788,1317 846,1316 904,1316 962,1316 1020,1316 1078,1317 1136,1317 1194,1317 1252,1317 1310,1317 1368,1316 1426,1316 1484,1316 1542,1315 1600,1314 1658,1313 1716,1311 1775,1310"/><TextEquiv><Unicode>lineam augis: sicut dr~ in littera. hic autem arcus qualiter investigandus sit. iam</Unicode></TextEquiv></TextLine><TextLine custom="readingOrder {index:7;}" id="r1l22"><Coords points="609,1378 667,1378 725,1376 784,1376 842,1376 901,1376 959,1376 1018,1376 1076,1376 1135,1376 1193,1376 1251,1376 1310,1376 1368,1376 1427,1376 1485,1375 1544,1375 1602,1375 1661,1374 1719,1373 1778,1372 1778,1338 1719,1339 1661,1340 1602,1341 1544,1341 1485,1341 1427,1342 1368,1342 1310,1342 1251,1342 1193,1342 1135,1342 1076,1342 1018,1342 959,1342 901,1342 842,1342 784,1342 725,1342 667,1344 609,1344"/><Baseline points="609,1367 667,1367 725,1365 784,1365 842,1365 901,1365 959,1365 1018,1365 1076,1365 1135,1365 1193,1365 1251,1365 1310,1365 1368,1365 1427,1365 1485,1364 1544,1364 1602,1364 1661,1363 1719,1362 1778,1361"/><TextEquiv><Unicode>scitum est: sub quo autem puncto zodiaci sit aux ecentrici patet per Pto. de Marte.</Unicode></TextEquiv></TextLine><TextLine custom="readingOrder {index:8;}" id="r1l23"><Coords points="608,1426 666,1426 725,1426 784,1426 843,1426 902,1426 961,1426 1019,1426 1078,1426 1137,1426 1196,1426 1255,1426 1314,1424 1373,1424 1431,1424 1490,1424 1549,1423 1608,1423 1667,1421 1726,1421 1785,1421 1785,1387 1726,1387 1667,1387 1608,1389 1549,1389 1490,1390 1431,1390 1373,1390 1314,1390 1255,1392 1196,1392 1137,1392 1078,1392 1019,1392 961,1392 902,1392 843,1392 784,1392 725,1392 666,1392 608,1392"/><Baseline points="608,1415 666,1415 725,1415 784,1415 843,1415 902,1415 961,1415 1019,1415 1078,1415 1137,1415 1196,1415 1255,1415 1314,1413 1373,1413 1431,1413 1490,1413 1549,1412 1608,1412 1667,1410 1726,1410 1785,1410"/><TextEquiv><Unicode>d.10.c.7. videlicet accipiendo mediante instrumento armillarum verum locum plane</Unicode></TextEquiv></TextLine><TextLine custom="readingOrder {index:9;}" id="r1l24"><Coords points="620,1474 678,1474 736,1474 794,1474 852,1475 910,1475 968,1474 1026,1474 1084,1474 1142,1474 1201,1474 1259,1474 1317,1474 1375,1474 1433,1472 1491,1472 1549,1472 1607,1471 1665,1471 1723,1470 1782,1469 1782,1435 1723,1436 1665,1437 1607,1437 1549,1438 1491,1438 1433,1438 1375,1440 1317,1440 1259,1440 1201,1440 1142,1440 1084,1440 1026,1440 968,1440 910,1441 852,1441 794,1440 736,1440 678,1440 620,1440"/><Baseline points="620,1463 678,1463 736,1463 794,1463 852,1464 910,1464 968,1463 1026,1463 1084,1463 1142,1463 1201,1463 1259,1463 1317,1463 1375,1463 1433,1461 1491,1461 1549,1461 1607,1460 1665,1460 1723,1459 1782,1458"/><TextEquiv><Unicode>te tribus vicibus. sic quod locus prime considerationis sit diametralis linee me</Unicode></TextEquiv></TextLine><TextLine custom="readingOrder {index:10;}" id="r1l25"><Coords points="624,1523 681,1523 739,1523 797,1523 854,1523 912,1523 970,1523 1027,1523 1085,1523 1143,1523 1201,1523 1258,1522 1316,1522 1374,1522 1431,1522 1489,1522 1547,1520 1604,1520 1662,1519 1720,1519 1778,1519 1778,1485 1720,1485 1662,1485 1604,1486 1547,1486 1489,1488 1431,1488 1374,1488 1316,1488 1258,1488 1201,1489 1143,1489 1085,1489 1027,1489 970,1489 912,1489 854,1489 797,1489 739,1489 681,1489 624,1489"/><Baseline points="624,1512 681,1512 739,1512 797,1512 854,1512 912,1512 970,1512 1027,1512 1085,1512 1143,1512 1201,1512 1258,1511 1316,1511 1374,1511 1431,1511 1489,1511 1547,1509 1604,1509 1662,1508 1720,1508 1778,1508"/><TextEquiv><Unicode>dii motus solis: et distans per distantiam unius signi plus vel minus a vero</Unicode></TextEquiv></TextLine><TextLine custom="readingOrder {index:11;}" id="r1l26"><Coords points="615,1574 673,1573 731,1573 789,1571 847,1571 905,1571 963,1571 1022,1571 1080,1571 1138,1571 1196,1571 1254,1571 1312,1571 1370,1571 1429,1571 1487,1570 1545,1570 1603,1570 1661,1568 1719,1567 1778,1567 1778,1533 1719,1533 1661,1534 1603,1536 1545,1536 1487,1536 1429,1537 1370,1537 1312,1537 1254,1537 1196,1537 1138,1537 1080,1537 1022,1537 963,1537 905,1537 847,1537 789,1537 731,1539 673,1539 615,1540"/><Baseline points="615,1563 673,1562 731,1562 789,1560 847,1560 905,1560 963,1560 1022,1560 1080,1560 1138,1560 1196,1560 1254,1560 1312,1560 1370,1560 1429,1560 1487,1559 1545,1559 1603,1559 1661,1557 1719,1556 1778,1556"/><TextEquiv><Unicode>loco secundum considerationis. Similiter secundus locus verus planete respectu</Unicode></TextEquiv></TextLine><TextLine custom="readingOrder {index:12;}" id="r1l27"><Coords points="618,1622 675,1621 732,1621 790,1621 847,1621 905,1621 962,1621 1020,1620 1077,1619 1135,1619 1192,1619 1249,1619 1307,1619 1364,1619 1422,1618 1479,1618 1537,1618 1594,1618 1652,1616 1709,1616 1767,1616 1767,1582 1709,1582 1652,1582 1594,1584 1537,1584 1479,1584 1422,1584 1364,1585 1307,1585 1249,1585 1192,1585 1135,1585 1077,1585 1020,1586 962,1587 905,1587 847,1587 790,1587 732,1587 675,1587 618,1588"/><Baseline points="618,1611 675,1610 732,1610 790,1610 847,1610 905,1610 962,1610 1020,1609 1077,1608 1135,1608 1192,1608 1249,1608 1307,1608 1364,1608 1422,1607 1479,1607 1537,1607 1594,1607 1652,1605 1709,1605 1767,1605"/><TextEquiv><Unicode>debeat distare a tertio notabiliter et est etiam diametralis linee medii motus</Unicode></TextEquiv></TextLine><TextLine custom="readingOrder {index:13;}" id="r1l28"><Coords points="615,1670 673,1670 732,1669 790,1669 849,1669 908,1669 966,1669 1025,1669 1083,1669 1142,1669 1201,1669 1259,1669 1318,1669 1376,1669 1435,1667 1494,1667 1552,1667 1611,1666 1669,1665 1728,1664 1787,1663 1787,1629 1728,1630 1669,1631 1611,1632 1552,1633 1494,1633 1435,1633 1376,1635 1318,1635 1259,1635 1201,1635 1142,1635 1083,1635 1025,1635 966,1635 908,1635 849,1635 790,1635 732,1635 673,1636 615,1636"/><Baseline points="615,1659 673,1659 732,1658 790,1658 849,1658 908,1658 966,1658 1025,1658 1083,1658 1142,1658 1201,1658 1259,1658 1318,1658 1376,1658 1435,1656 1494,1656 1552,1656 1611,1655 1669,1654 1728,1653 1787,1652"/><TextEquiv><Unicode>solis et tertius similiter. Istis.n.habitis infra tempus illarum considerationum</Unicode></TextEquiv></TextLine><TextLine custom="readingOrder {index:14;}" id="r1l29"><Coords points="620,1717 681,1717 742,1717 803,1717 864,1718 925,1718 986,1718 1047,1718 1108,1718 1169,1718 1230,1717 1291,1717 1352,1717 1413,1717 1474,1715 1535,1715 1596,1714 1657,1712 1718,1711 1779,1709 1779,1676 1718,1678 1657,1679 1596,1681 1535,1682 1474,1682 1413,1684 1352,1684 1291,1684 1230,1684 1169,1685 1108,1685 1047,1685 986,1685 925,1685 864,1685 803,1684 742,1684 681,1684 620,1684"/><Baseline points="620,1706 681,1706 742,1706 803,1706 864,1707 925,1707 986,1707 1047,1707 1108,1707 1169,1707 1230,1706 1291,1706 1352,1706 1413,1706 1474,1704 1535,1704 1596,1703 1657,1701 1718,1700 1779,1698"/><TextEquiv><Unicode>Iam sciebant arcus mediorum motuum per quod mathe. regulis mediantibus</Unicode></TextEquiv></TextLine><TextLine custom="readingOrder {index:15;}" id="r1l30"><Coords points="620,1769 677,1769 735,1769 793,1768 851,1768 909,1768 967,1766 1025,1766 1083,1766 1141,1766 1199,1765 1256,1765 1314,1765 1372,1765 1430,1763 1488,1763 1546,1763 1604,1763 1662,1763 1720,1762 1778,1762 1778,1728 1720,1728 1662,1729 1604,1729 1546,1729 1488,1729 1430,1729 1372,1731 1314,1731 1256,1731 1199,1731 1141,1732 1083,1732 1025,1732 967,1732 909,1734 851,1734 793,1734 735,1735 677,1735 620,1735"/><Baseline points="620,1758 677,1758 735,1758 793,1757 851,1757 909,1757 967,1755 1025,1755 1083,1755 1141,1755 1199,1754 1256,1754 1314,1754 1372,1754 1430,1752 1488,1752 1546,1752 1604,1752 1662,1752 1720,1751 1778,1751"/><TextEquiv><Unicode>cognoscebant versus quam partem zodiaci esset ipsa aux. Demum et in quoto</Unicode></TextEquiv></TextLine><TextLine custom="readingOrder {index:16;}" id="r1l31"><Coords points="611,1822 650,1820 689,1820 728,1819 768,1819 807,1817 846,1817 886,1817 925,1816 964,1816 1004,1816 1043,1816 1082,1816 1121,1815 1161,1814 1200,1814 1239,1814 1279,1814 1318,1814 1357,1813 1397,1813 1397,1779 1357,1779 1318,1780 1279,1780 1239,1780 1200,1780 1161,1780 1121,1781 1082,1782 1043,1782 1004,1782 964,1782 925,1782 886,1783 846,1783 807,1783 768,1785 728,1785 689,1786 650,1786 611,1788"/><Baseline points="611,1811 650,1809 689,1809 728,1808 768,1808 807,1806 846,1806 886,1806 925,1805 964,1805 1004,1805 1043,1805 1082,1805 1121,1804 1161,1803 1200,1803 1239,1803 1279,1803 1318,1803 1357,1802 1397,1802"/><TextEquiv><Unicode>gradu alicuius signi: ut ibidem longe tractatur.</Unicode></TextEquiv></TextLine><TextEquiv><Unicode>Tertia pars principalis in qua declarat termi
nos. Iam sepius dictum est: quod aux in prima significa
tione punctum ecentrici nominat maxime distantem a centro mundi: quem ostendit.
linea de centro mundi per centrum ecentrici ducta que quidem linea prote~sa usque
ad zodiacum ostendit punctum zodiaci. sub quo sit ille punctus. Sed aux in secunda
significatione nominat totum arcum zodiaci ab arietis initio usque ad dictam
lineam augis: sicut dr~ in littera. hic autem arcus qualiter investigandus sit. iam
scitum est: sub quo autem puncto zodiaci sit aux ecentrici patet per Pto. de Marte.
d.10.c.7. videlicet accipiendo mediante instrumento armillarum verum locum plane
te tribus vicibus. sic quod locus prime considerationis sit diametralis linee me
dii motus solis: et distans per distantiam unius signi plus vel minus a vero
loco secundum considerationis. Similiter secundus locus verus planete respectu
debeat distare a tertio notabiliter et est etiam diametralis linee medii motus
solis et tertius similiter. Istis.n.habitis infra tempus illarum considerationum
Iam sciebant arcus mediorum motuum per quod mathe. regulis mediantibus
cognoscebant versus quam partem zodiaci esset ipsa aux. Demum et in quoto
gradu alicuius signi: ut ibidem longe tractatur.</Unicode></TextEquiv></TextRegion><TextRegion custom="readingOrder {index:2;} structure {type:paragraph;}" id="TextRegion_1637776907314_403" orientation="0.0" type="paragraph"><Coords points="596,1818 1794,1818 1794,1957 596,1957"/><TextLine custom="readingOrder {index:0;} heading {offset:0; length:36;}" id="line_1637848352381_212"><Coords points="603,1831 1680,1831 1680,1899 603,1899"/><TextEquiv><Unicode>Aux etiam in secunda significatione.</Unicode></TextEquiv></TextLine><TextLine custom="readingOrder {index:1;}" id="r1l32"><Coords points="1688,1856 1714,1859 1740,1859 1766,1859 1793,1862 1793,1829 1766,1826 1740,1826 1714,1826 1688,1823"/><Baseline points="1688,1845 1714,1848 1740,1848 1766,1848 1793,1851"/><TextEquiv><Unicode>Est se</Unicode></TextEquiv></TextLine><TextLine custom="readingOrder {index:2;}" id="r1l33"><Coords points="612,1898 670,1900 729,1900 787,1900 846,1900 904,1899 963,1898 1021,1897 1080,1897 1138,1896 1197,1895 1255,1895 1314,1894 1372,1894 1431,1895 1489,1895 1548,1897 1606,1898 1665,1901 1723,1904 1782,1907 1782,1874 1723,1871 1665,1868 1606,1865 1548,1864 1489,1862 1431,1862 1372,1861 1314,1861 1255,1862 1197,1862 1138,1863 1080,1864 1021,1864 963,1865 904,1866 846,1867 787,1867 729,1867 670,1867 612,1865"/><Baseline points="612,1887 670,1889 729,1889 787,1889 846,1889 904,1888 963,1887 1021,1886 1080,1886 1138,1885 1197,1884 1255,1884 1314,1883 1372,1883 1431,1884 1489,1884 1548,1886 1606,1887 1665,1890 1723,1893 1782,1896"/><TextEquiv><Unicode>cundus</Unicode></TextEquiv></TextLine><TextLine custom="readingOrder {index:3;}" id="r1l34"><Coords points="611,1964 669,1966 728,1966 787,1966 846,1964 905,1964 963,1964 1022,1963 1081,1963 1140,1961 1199,1961 1257,1960 1316,1960 1375,1958 1434,1958 1493,1958 1551,1958 1610,1958 1669,1958 1728,1960 1787,1960 1787,1926 1728,1926 1669,1924 1610,1924 1551,1924 1493,1924 1434,1924 1375,1924 1316,1926 1257,1926 1199,1927 1140,1927 1081,1929 1022,1929 963,1930 905,1930 846,1930 787,1932 728,1932 669,1932 611,1930"/><Baseline points="611,1953 669,1955 728,1955 787,1955 846,1953 905,1953 963,1953 1022,1952 1081,1952 1140,1950 1199,1950 1257,1949 1316,1949 1375,1947 1434,1947 1493,1947 1551,1947 1610,1947 1669,1947 1728,1949 1787,1949"/><TextEquiv><Unicode>terminus in ordine terminorum: quibus utuntur ipsi tabulantes motus planetarum</Unicode></TextEquiv></TextLine><TextEquiv><Unicode>Aux etiam in secunda significatione.
Est se
cundus
terminus in ordine terminorum: quibus utuntur ipsi tabulantes motus planetarum</Unicode></TextEquiv></TextRegion><TextRegion custom="readingOrder {index:3;} structure {type:paragraph;}" id="TextRegion_1637776907313_402" orientation="0.0" type="paragraph"><Coords points="596,1957 1794,1957 1794,2162 596,2162"/><TextLine custom="readingOrder {index:0;} heading {offset:0; length:18;}" id="line_1637848432782_224"><Coords points="622,1975 1316,1975 1316,2061 622,2061"/><TextEquiv><Unicode>Linea medii motus.</Unicode></TextEquiv></TextLine><TextLine custom="readingOrder {index:1;}" id="r1l35"><Coords points="1325,2008 1350,2008 1375,2008 1401,2008 1426,2008 1451,2008 1477,2007 1502,2007 1528,2007 1553,2007 1578,2007 1604,2007 1629,2007 1655,2007 1680,2007 1705,2007 1731,2007 1756,2007 1782,2007 1782,1976 1756,1976 1731,1976 1705,1976 1680,1976 1655,1976 1629,1976 1604,1976 1578,1976 1553,1976 1528,1976 1502,1976 1477,1976 1451,1977 1426,1977 1401,1977 1375,1977 1350,1977 1325,1977"/><Baseline points="1325,1998 1350,1998 1375,1998 1401,1998 1426,1998 1451,1998 1477,1997 1502,1997 1528,1997 1553,1997 1578,1997 1604,1997 1629,1997 1655,1997 1680,1997 1705,1997 1731,1997 1756,1997 1782,1997"/><TextEquiv><Unicode>Declarat que linea habet osten</Unicode></TextEquiv></TextLine><TextLine custom="readingOrder {index:2;}" id="r1l36"><Coords points="608,2048 666,2047 725,2045 783,2044 842,2042 900,2042 959,2044 1017,2044 1076,2045 1134,2047 1193,2048 1252,2049 1310,2051 1369,2053 1427,2054 1486,2056 1544,2056 1603,2057 1661,2057 1720,2057 1779,2056 1779,2023 1720,2024 1661,2024 1603,2024 1544,2023 1486,2023 1427,2021 1369,2020 1310,2018 1252,2016 1193,2015 1134,2014 1076,2012 1017,2011 959,2011 900,2009 842,2009 783,2011 725,2012 666,2014 608,2015"/><Baseline points="608,2037 666,2036 725,2034 783,2033 842,2031 900,2031 959,2033 1017,2033 1076,2034 1134,2036 1193,2037 1252,2038 1310,2040 1369,2042 1427,2043 1486,2045 1544,2045 1603,2046 1661,2046 1720,2046 1779,2045"/><TextEquiv><Unicode>dere equalem motum planete</Unicode></TextEquiv></TextLine><TextLine custom="readingOrder {index:3;}" id="r1l37"><Coords points="611,2110 672,2111 733,2111 794,2111 855,2111 916,2111 977,2111 1038,2110 1099,2110 1160,2110 1221,2108 1282,2108 1343,2107 1404,2107 1465,2107 1526,2105 1587,2105 1648,2105 1709,2105 1770,2105 1770,2071 1709,2071 1648,2071 1587,2071 1526,2071 1465,2073 1404,2073 1343,2073 1282,2074 1221,2074 1160,2076 1099,2076 1038,2076 977,2077 916,2077 855,2077 794,2077 733,2077 672,2077 611,2076"/><Baseline points="611,2099 672,2100 733,2100 794,2100 855,2100 916,2100 977,2100 1038,2099 1099,2099 1160,2099 1221,2097 1282,2097 1343,2096 1404,2096 1465,2096 1526,2094 1587,2094 1648,2094 1709,2094 1770,2094"/><TextEquiv><Unicode>in zodiaco. Iam prius ostensum est: quomodo centrum epicicli equaliter mo</Unicode></TextEquiv></TextLine><TextLine custom="readingOrder {index:4;}" id="r1l38"><Coords points="614,2161 672,2162 731,2162 790,2162 848,2162 907,2162 966,2162 1024,2162 1083,2161 1142,2161 1201,2161 1259,2159 1318,2159 1377,2159 1435,2158 1494,2158 1553,2158 1611,2156 1670,2156 1729,2156 1788,2156 1788,2122 1729,2122 1670,2122 1611,2122 1553,2124 1494,2124 1435,2124 1377,2125 1318,2125 1259,2125 1201,2127 1142,2127 1083,2127 1024,2128 966,2128 907,2128 848,2128 790,2128 731,2128 672,2128 614,2127"/><Baseline points="614,2150 672,2151 731,2151 790,2151 848,2151 907,2151 966,2151 1024,2151 1083,2150 1142,2150 1201,2150 1259,2148 1318,2148 1377,2148 1435,2147 1494,2147 1553,2147 1611,2145 1670,2145 1729,2145 1788,2145"/><TextEquiv><Unicode>movetur in equante. Si itaque ducatur linea de centro mundi ad zodiacum eque</Unicode></TextEquiv></TextLine><TextEquiv><Unicode>Linea medii motus.
Declarat que linea habet osten
dere equalem motum planete
in zodiaco. Iam prius ostensum est: quomodo centrum epicicli equaliter mo
movetur in equante. Si itaque ducatur linea de centro mundi ad zodiacum eque</Unicode></TextEquiv></TextRegion><TextRegion custom="readingOrder {index:4;} structure {type:paragraph;}" id="TextRegion_1637776912110_408" orientation="0.0" type="paragraph"><Coords points="2237,342 3426,342 3426,577 2237,577"/><TextLine custom="readingOrder {index:0;}" id="r2l1"><Coords points="2250,376 2308,376 2366,376 2424,376 2483,377 2541,377 2599,377 2658,379 2716,379 2774,379 2833,380 2891,380 2949,382 3007,382 3066,383 3124,383 3182,383 3241,385 3299,385 3357,386 3416,386 3416,352 3357,352 3299,351 3241,351 3182,349 3124,349 3066,349 3007,348 2949,348 2891,346 2833,346 2774,345 2716,345 2658,345 2599,343 2541,343 2483,343 2424,342 2366,342 2308,342 2250,342"/><Baseline points="2250,365 2308,365 2366,365 2424,365 2483,366 2541,366 2599,366 2658,368 2716,368 2774,368 2833,369 2891,369 2949,371 3007,371 3066,372 3124,372 3182,372 3241,374 3299,374 3357,375 3416,375"/><TextEquiv><Unicode>distans illi: que ex centro usque ad epiciclum extenditur necessario sequi</Unicode></TextEquiv></TextLine><TextLine custom="readingOrder {index:1;}" id="r2l2"><Coords points="2253,424 2311,425 2370,425 2428,425 2487,427 2546,427 2604,427 2663,428 2721,428 2780,428 2839,430 2897,430 2956,431 3014,431 3073,432 3132,433 3190,434 3249,434 3307,436 3366,437 3425,437 3425,403 3366,403 3307,402 3249,400 3190,400 3132,399 3073,398 3014,397 2956,397 2897,396 2839,396 2780,394 2721,394 2663,394 2604,393 2546,393 2487,393 2428,391 2370,391 2311,391 2253,390"/><Baseline points="2253,413 2311,414 2370,414 2428,414 2487,416 2546,416 2604,416 2663,417 2721,417 2780,417 2839,419 2897,419 2956,420 3014,420 3073,421 3132,422 3190,423 3249,423 3307,425 3366,426 3425,426"/><TextEquiv><Unicode>tur: quod sicut ista que in quantitate ostendit motum equalem centri epicicli. sic</Unicode></TextEquiv></TextLine><TextLine custom="readingOrder {index:2;}" id="r2l3"><Coords points="2246,470 2304,473 2363,473 2421,475 2480,476 2538,476 2597,477 2655,478 2714,478 2772,478 2831,479 2890,479 2948,479 3007,479 3065,481 3124,481 3182,482 3241,482 3299,484 3358,485 3417,487 3417,453 3358,451 3299,450 3241,448 3182,448 3124,447 3065,447 3007,445 2948,445 2890,445 2831,445 2772,444 2714,444 2655,444 2597,443 2538,442 2480,442 2421,441 2363,439 2304,439 2246,436"/><Baseline points="2246,459 2304,462 2363,462 2421,464 2480,465 2538,465 2597,466 2655,467 2714,467 2772,467 2831,468 2890,468 2948,468 3007,468 3065,470 3124,470 3182,471 3241,471 3299,473 3358,474 3417,476"/><TextEquiv><Unicode>illa in zodiaco: quemadmodum circa solem sufficienter ostensum est: habetur itaque</Unicode></TextEquiv></TextLine><TextLine custom="readingOrder {index:3;}" id="r2l4"><Coords points="2250,520 2308,523 2367,523 2426,524 2485,526 2543,526 2602,527 2661,527 2720,527 2778,529 2837,529 2896,529 2955,529 3013,529 3072,530 3131,530 3190,532 3248,532 3307,533 3366,535 3425,536 3425,502 3366,501 3307,499 3248,498 3190,498 3131,496 3072,496 3013,495 2955,495 2896,495 2837,495 2778,495 2720,493 2661,493 2602,493 2543,492 2485,492 2426,490 2367,489 2308,489 2250,486"/><Baseline points="2250,509 2308,512 2367,512 2426,513 2485,515 2543,515 2602,516 2661,516 2720,516 2778,518 2837,518 2896,518 2955,518 3013,518 3072,519 3131,519 3190,521 3248,521 3307,522 3366,524 3425,525"/><TextEquiv><Unicode>motus equalis planete in zodiaco per respectum ad illum: quem habet in cen</Unicode></TextEquiv></TextLine><TextLine custom="readingOrder {index:4;}" id="r2l5"><Coords points="2247,571 2272,572 2297,574 2323,574 2348,574 2373,574 2399,574 2424,575 2449,575 2475,577 2475,543 2449,541 2424,541 2399,540 2373,540 2348,540 2323,540 2297,540 2272,538 2247,537"/><Baseline points="2247,560 2272,561 2297,563 2323,563 2348,563 2373,563 2399,563 2424,564 2449,564 2475,566"/><TextEquiv><Unicode>tro equantis.</Unicode></TextEquiv></TextLine><TextEquiv><Unicode>distans illi: que ex centro usque ad epiciclum extenditur necessario sequi
tur: quod sicut ista que in quantitate ostendit motum equalem centri epicicli. sic
illa in zodiaco: quemadmodum circa solem sufficienter ostensum est: habetur itaque
motus equalis planete in zodiaco per respectum ad illum: quem habet in cen
tro equantis.</Unicode></TextEquiv></TextRegion><TextRegion custom="readingOrder {index:5;} structure {type:paragraph;}" id="TextRegion_1637776914835_413" orientation="0.0" type="paragraph"><Coords points="2237,577 3426,577 3426,1071 2237,1071"/><TextLine custom="readingOrder {index:0;} heading {offset:0; length:27;}" id="line_1637849070701_238"><Coords points="2247,582 3181,582 3181,674 2247,674"/><TextEquiv><Unicode>Linea ueri motus epicicli. </Unicode></TextEquiv></TextLine><TextLine custom="readingOrder {index:1;}" id="r2l6"><Coords points="3189,625 3215,627 3241,629 3267,630 3293,631 3320,631 3346,631 3372,632 3398,633 3425,635 3425,602 3398,600 3372,599 3346,598 3320,598 3293,598 3267,597 3241,596 3215,594 3189,592"/><Baseline points="3189,614 3215,616 3241,618 3267,619 3293,620 3320,620 3346,620 3372,621 3398,622 3425,624"/><TextEquiv><Unicode>Necessario di</Unicode></TextEquiv></TextLine><TextLine custom="readingOrder {index:2;}" id="r2l7"><Coords points="2249,649 2307,649 2365,650 2424,652 2482,652 2540,653 2599,654 2657,655 2715,656 2774,656 2832,658 2890,659 2949,661 3007,664 3065,665 3124,668 3182,671 3240,674 3299,677 3357,682 3416,686 3416,653 3357,649 3299,644 3240,641 3182,638 3124,635 3065,632 3007,631 2949,628 2890,626 2832,625 2774,623 2715,623 2657,622 2599,621 2540,620 2482,619 2424,619 2365,617 2307,616 2249,616"/><Baseline points="2249,638 2307,638 2365,639 2424,641 2482,641 2540,642 2599,643 2657,644 2715,645 2774,645 2832,647 2890,648 2949,650 3007,653 3065,654 3124,657 3182,660 3240,663 3299,666 3357,671 3416,675"/><TextEquiv><Unicode>uersa est a linea</Unicode></TextEquiv></TextLine><TextLine custom="readingOrder {index:3;}" id="r2l8"><Coords points="2250,712 2308,713 2367,715 2425,715 2484,716 2543,718 2601,718 2660,719 2718,721 2777,721 2836,722 2894,723 2953,724 3011,725 3070,725 3129,727 3187,727 3246,728 3304,730 3363,730 3422,731 3422,697 3363,696 3304,696 3246,694 3187,693 3129,693 3070,691 3011,691 2953,690 2894,689 2836,688 2777,687 2718,687 2660,685 2601,684 2543,684 2484,682 2425,681 2367,681 2308,679 2250,678"/><Baseline points="2250,701 2308,702 2367,704 2425,704 2484,705 2543,707 2601,707 2660,708 2718,710 2777,710 2836,711 2894,712 2953,713 3011,714 3070,714 3129,716 3187,716 3246,717 3304,719 3363,719 3422,720"/><TextEquiv><Unicode>medii motus. Ipsa.n.semper ducitur de centro mundi per centrum epicicli</Unicode></TextEquiv></TextLine><TextLine custom="readingOrder {index:4;}" id="r2l9"><Coords points="2253,763 2311,764 2369,764 2428,764 2486,766 2545,766 2603,767 2662,768 2720,769 2779,769 2837,770 2895,772 2954,772 3012,773 3071,775 3129,775 3188,776 3246,776 3305,778 3363,778 3422,779 3422,745 3363,744 3305,744 3246,742 3188,742 3129,741 3071,741 3012,739 2954,738 2895,738 2837,736 2779,735 2720,735 2662,734 2603,733 2545,732 2486,732 2428,730 2369,730 2311,730 2253,729"/><Baseline points="2253,752 2311,753 2369,753 2428,753 2486,755 2545,755 2603,756 2662,757 2720,758 2779,758 2837,759 2895,761 2954,761 3012,762 3071,764 3129,764 3188,765 3246,765 3305,767 3363,767 3422,768"/><TextEquiv><Unicode>linea autem medii motus sepe numero stat cadere extra centrum epici</Unicode></TextEquiv></TextLine><TextLine custom="readingOrder {index:5;}" id="r2l10"><Coords points="2252,812 2310,814 2369,814 2427,815 2486,817 2544,817 2603,818 2661,818 2720,820 2778,820 2837,821 2896,821 2954,823 3013,823 3071,824 3130,824 3188,826 3247,826 3305,827 3364,827 3423,829 3423,796 3364,794 3305,794 3247,793 3188,793 3130,791 3071,791 3013,790 2954,790 2896,788 2837,788 2778,787 2720,787 2661,785 2603,785 2544,784 2486,784 2427,782 2369,781 2310,781 2252,779"/><Baseline points="2252,801 2310,803 2369,803 2427,804 2486,806 2544,806 2603,807 2661,807 2720,809 2778,809 2837,810 2896,810 2954,812 3013,812 3071,813 3130,813 3188,815 3247,815 3305,816 3364,816 3423,818"/><TextEquiv><Unicode>cli. alius erit punctus zodiaci: quem terminat linea veri motus cen</Unicode></TextEquiv></TextLine><TextLine custom="readingOrder {index:6;}" id="r2l11"><Coords points="2247,862 2305,863 2364,865 2423,865 2482,866 2541,868 2600,868 2659,869 2718,869 2777,871 2836,871 2894,872 2953,872 3012,874 3071,874 3130,874 3189,875 3248,875 3307,875 3366,875 3425,875 3425,842 3366,842 3307,842 3248,842 3189,842 3130,841 3071,841 3012,841 2953,839 2894,839 2836,838 2777,838 2718,836 2659,836 2600,835 2541,835 2482,833 2423,832 2364,832 2305,830 2247,829"/><Baseline points="2247,851 2305,852 2364,854 2423,854 2482,855 2541,857 2600,857 2659,858 2718,858 2777,860 2836,860 2894,861 2953,861 3012,863 3071,863 3130,863 3189,864 3248,864 3307,864 3366,864 3425,864"/><TextEquiv><Unicode>tri epicicli. Et alius quem terminat linea medii motus epicicli. Ideo</Unicode></TextEquiv></TextLine><TextLine custom="readingOrder {index:7;}" id="r2l12"><Coords points="2250,913 2308,914 2366,914 2424,914 2482,916 2540,916 2598,916 2656,916 2714,917 2772,917 2830,917 2888,919 2946,919 3004,920 3062,920 3120,922 3178,922 3236,923 3294,923 3352,925 3410,926 3410,892 3352,891 3294,889 3236,889 3178,888 3120,888 3062,886 3004,886 2946,885 2888,885 2830,883 2772,883 2714,883 2656,882 2598,882 2540,882 2482,882 2424,880 2366,880 2308,880 2250,879"/><Baseline points="2250,902 2308,903 2366,903 2424,903 2482,905 2540,905 2598,905 2656,905 2714,906 2772,906 2830,906 2888,908 2946,908 3004,909 3062,909 3120,911 3178,911 3236,912 3294,912 3352,914 3410,915"/><TextEquiv><Unicode>diverse sunt: dumtaxat.n. centro epicicli existente in auge vel in opposito</Unicode></TextEquiv></TextLine><TextLine custom="readingOrder {index:8;}" id="r2l13"><Coords points="2246,962 2304,962 2363,962 2421,962 2480,962 2538,962 2597,964 2655,964 2714,964 2772,965 2831,965 2889,966 2948,967 3006,968 3065,968 3123,970 3182,970 3240,971 3299,973 3357,973 3416,974 3416,940 3357,939 3299,939 3240,937 3182,936 3123,936 3065,934 3006,934 2948,933 2889,932 2831,931 2772,931 2714,930 2655,930 2597,930 2538,928 2480,928 2421,928 2363,928 2304,928 2246,928"/><Baseline points="2246,951 2304,951 2363,951 2421,951 2480,951 2538,951 2597,953 2655,953 2714,953 2772,954 2831,954 2889,955 2948,956 3006,957 3065,957 3123,959 3182,959 3240,960 3299,962 3357,962 3416,963"/><TextEquiv><Unicode>augis ecentrici linea medii motus epicicli transit per centrum epicicli alias</Unicode></TextEquiv></TextLine><TextLine custom="readingOrder {index:9;}" id="r2l14"><Coords points="2243,1012 2305,1012 2367,1012 2429,1012 2491,1012 2553,1012 2615,1012 2677,1012 2739,1013 2801,1013 2863,1013 2925,1015 2987,1015 3049,1016 3111,1017 3173,1019 3235,1019 3297,1021 3359,1024 3422,1025 3422,991 3359,990 3297,987 3235,985 3173,985 3111,983 3049,982 2987,981 2925,981 2863,979 2801,979 2739,979 2677,978 2615,978 2553,978 2491,978 2429,978 2367,978 2305,978 2243,978"/><Baseline points="2243,1001 2305,1001 2367,1001 2429,1001 2491,1001 2553,1001 2615,1001 2677,1001 2739,1002 2801,1002 2863,1002 2925,1004 2987,1004 3049,1005 3111,1006 3173,1008 3235,1008 3297,1010 3359,1013 3422,1014"/><TextEquiv><Unicode>semper extra centrum epicicli cadit. sequens autem littera de linea veri loci pla</Unicode></TextEquiv></TextLine><TextLine custom="readingOrder {index:10;}" id="r2l15"><Coords points="2249,1058 2274,1059 2299,1060 2324,1061 2350,1061 2375,1061 2400,1061 2425,1061 2451,1061 2476,1061 2501,1060 2526,1060 2552,1061 2552,1028 2526,1027 2501,1027 2476,1028 2451,1028 2425,1028 2400,1028 2375,1028 2350,1028 2324,1028 2299,1027 2274,1026 2249,1025"/><Baseline points="2249,1047 2274,1048 2299,1049 2324,1050 2350,1050 2375,1050 2400,1050 2425,1050 2451,1050 2476,1050 2501,1049 2526,1049 2552,1050"/><TextEquiv><Unicode>nete manifesta est.</Unicode></TextEquiv></TextLine><TextEquiv><Unicode>Linea ueri motus epicicli. 
Necessario di
uersa est a linea
medii motus. Ipsa.n.semper ducitur de centro mundi per centrum epicicli
linea autem medii motus sepe numero stat cadere extra centrum epici
cli. alius erit punctus zodiaci: quem terminat linea veri motus cen
tri epicicli. Et alius quem terminat linea medii motus epicicli. Ideo
diverse sunt: dumtaxat.n. centro epicicli existente in auge vel in opposito
augis ecentrici linea medii motus epicicli transit per centrum epicicli alias
semper extra centrum epicicli cadit. sequens autem littera de linea veri loci pla
nete manifesta est.</Unicode></TextEquiv></TextRegion><TextRegion custom="readingOrder {index:6;} structure {type:paragraph;}" id="TextRegion_1637776922647_418" orientation="0.0" type="paragraph"><Coords points="2237,1071 3426,1071 3426,1502 2237,1502"/><TextLine custom="readingOrder {index:0;} heading {offset:0; length:13;}" id="line_1637849468356_259"><Coords points="2246,1078 2801,1078 2801,1160 2246,1160"/><TextEquiv><Unicode>Medius motus.</Unicode></TextEquiv></TextLine><TextLine custom="readingOrder {index:1;}" id="r2l16"><Coords points="2813,1115 2843,1115 2874,1114 2904,1114 2935,1114 2966,1114 2996,1114 3027,1114 3058,1114 3088,1114 3119,1115 3150,1115 3180,1115 3211,1117 3242,1117 3272,1117 3303,1118 3334,1118 3364,1118 3395,1118 3426,1118 3426,1085 3395,1085 3364,1085 3334,1085 3303,1085 3272,1084 3242,1084 3211,1084 3180,1082 3150,1082 3119,1082 3088,1081 3058,1081 3027,1081 2996,1081 2966,1081 2935,1081 2904,1081 2874,1081 2843,1082 2813,1082"/><Baseline points="2813,1104 2843,1104 2874,1103 2904,1103 2935,1103 2966,1103 2996,1103 3027,1103 3058,1103 3088,1103 3119,1104 3150,1104 3180,1104 3211,1106 3242,1106 3272,1106 3303,1107 3334,1107 3364,1107 3395,1107 3426,1107"/><TextEquiv><Unicode>Primus terminus quo utuntur tabulan</Unicode></TextEquiv></TextLine><TextLine custom="readingOrder {index:2;}" id="r2l17"><Coords points="2243,1138 2301,1136 2360,1138 2418,1138 2477,1139 2535,1141 2594,1144 2652,1145 2711,1147 2769,1150 2828,1153 2887,1156 2945,1158 3004,1160 3062,1163 3121,1165 3179,1166 3238,1168 3296,1168 3355,1168 3414,1168 3414,1135 3355,1135 3296,1135 3238,1135 3179,1133 3121,1132 3062,1130 3004,1127 2945,1125 2887,1123 2828,1120 2769,1117 2711,1114 2652,1112 2594,1111 2535,1108 2477,1106 2418,1105 2360,1105 2301,1103 2243,1105"/><Baseline points="2243,1127 2301,1125 2360,1127 2418,1127 2477,1128 2535,1130 2594,1133 2652,1134 2711,1136 2769,1139 2828,1142 2887,1145 2945,1147 3004,1149 3062,1152 3121,1154 3179,1155 3238,1157 3296,1157 3355,1157 3414,1157"/><TextEquiv><Unicode>tes motum planetarum. Qui quidem mo</Unicode></TextEquiv></TextLine><TextLine custom="readingOrder {index:3;}" id="r2l18"><Coords points="2249,1204 2307,1205 2365,1205 2423,1207 2481,1207 2539,1208 2597,1208 2655,1208 2713,1209 2771,1210 2829,1210 2887,1210 2945,1211 3003,1211 3061,1211 3119,1213 3177,1213 3235,1214 3293,1216 3351,1217 3410,1219 3410,1185 3351,1183 3293,1182 3235,1180 3177,1179 3119,1179 3061,1177 3003,1177 2945,1177 2887,1176 2829,1176 2771,1176 2713,1175 2655,1174 2597,1174 2539,1174 2481,1173 2423,1173 2365,1171 2307,1171 2249,1170"/><Baseline points="2249,1193 2307,1194 2365,1194 2423,1196 2481,1196 2539,1197 2597,1197 2655,1197 2713,1198 2771,1199 2829,1199 2887,1199 2945,1200 3003,1200 3061,1200 3119,1202 3177,1202 3235,1203 3293,1205 3351,1206 3410,1208"/><TextEquiv><Unicode>tus qualiter investigatus sit a primis observatoribus esse tantus aut tan</Unicode></TextEquiv></TextLine><TextLine custom="readingOrder {index:4;}" id="r2l19"><Coords points="2243,1253 2301,1255 2359,1256 2418,1256 2476,1258 2535,1258 2593,1258 2651,1259 2710,1259 2768,1259 2827,1260 2885,1261 2943,1261 3002,1261 3060,1262 3119,1262 3177,1263 3235,1264 3294,1265 3352,1265 3411,1267 3411,1233 3352,1231 3294,1231 3235,1230 3177,1229 3119,1228 3060,1228 3002,1227 2943,1227 2885,1227 2827,1226 2768,1225 2710,1225 2651,1225 2593,1224 2535,1224 2476,1224 2418,1222 2359,1222 2301,1221 2243,1219"/><Baseline points="2243,1242 2301,1244 2359,1245 2418,1245 2476,1247 2535,1247 2593,1247 2651,1248 2710,1248 2768,1248 2827,1249 2885,1250 2943,1250 3002,1250 3060,1251 3119,1251 3177,1252 3235,1253 3294,1254 3352,1254 3411,1256"/><TextEquiv><Unicode>tus infra diem naturalem patet ex prioribus. primo.n.inventus est medius motus</Unicode></TextEquiv></TextLine><TextLine custom="readingOrder {index:5;}" id="r2l20"><Coords points="2252,1304 2310,1306 2368,1306 2426,1307 2484,1307 2542,1309 2600,1309 2658,1309 2716,1309 2774,1309 2832,1310 2890,1310 2948,1310 3006,1310 3064,1310 3122,1312 3180,1312 3238,1313 3296,1314 3354,1315 3413,1318 3413,1284 3354,1281 3296,1280 3238,1279 3180,1278 3122,1278 3064,1276 3006,1276 2948,1276 2890,1276 2832,1276 2774,1275 2716,1275 2658,1275 2600,1275 2542,1275 2484,1273 2426,1273 2368,1272 2310,1272 2252,1270"/><Baseline points="2252,1293 2310,1295 2368,1295 2426,1296 2484,1296 2542,1298 2600,1298 2658,1298 2716,1298 2774,1298 2832,1299 2890,1299 2948,1299 3006,1299 3064,1299 3122,1301 3180,1301 3238,1302 3296,1303 3354,1304 3413,1307"/><TextEquiv><Unicode>planete in epiciclo: qui dicitur argumentum medium: qui fit in uno die ex revolutio</Unicode></TextEquiv></TextLine><TextLine custom="readingOrder {index:6;}" id="r2l21"><Coords points="2240,1348 2298,1349 2356,1352 2415,1354 2473,1355 2531,1355 2590,1357 2648,1357 2706,1358 2765,1358 2823,1358 2881,1358 2940,1358 2998,1358 3056,1358 3115,1360 3173,1360 3231,1361 3290,1363 3348,1364 3407,1366 3407,1332 3348,1330 3290,1329 3231,1327 3173,1326 3115,1326 3056,1324 2998,1324 2940,1324 2881,1324 2823,1324 2765,1324 2706,1324 2648,1323 2590,1323 2531,1321 2473,1321 2415,1320 2356,1318 2298,1315 2240,1314"/><Baseline points="2240,1337 2298,1338 2356,1341 2415,1343 2473,1344 2531,1344 2590,1346 2648,1346 2706,1347 2765,1347 2823,1347 2881,1347 2940,1347 2998,1347 3056,1347 3115,1349 3173,1349 3231,1350 3290,1352 3348,1353 3407,1355"/><TextEquiv><Unicode>nibus planete in epiciclo equalibus et ideo subtracto de medio motu solis</Unicode></TextEquiv></TextLine><TextLine custom="readingOrder {index:7;}" id="r2l22"><Coords points="2250,1396 2308,1397 2366,1399 2425,1400 2483,1400 2542,1400 2600,1402 2659,1402 2717,1403 2776,1403 2834,1404 2892,1405 2951,1405 3009,1406 3068,1406 3126,1408 3185,1408 3243,1409 3302,1411 3360,1412 3419,1414 3419,1380 3360,1378 3302,1377 3243,1375 3185,1374 3126,1374 3068,1372 3009,1372 2951,1371 2892,1371 2834,1370 2776,1369 2717,1369 2659,1368 2600,1368 2542,1366 2483,1366 2425,1366 2366,1365 2308,1363 2250,1362"/><Baseline points="2250,1385 2308,1386 2366,1388 2425,1389 2483,1389 2542,1389 2600,1391 2659,1391 2717,1392 2776,1392 2834,1393 2892,1394 2951,1394 3009,1395 3068,1395 3126,1397 3185,1397 3243,1398 3302,1400 3360,1401 3419,1403"/><TextEquiv><Unicode>quem habet in una die. Restat medius motus planete in una die: quo habi</Unicode></TextEquiv></TextLine><TextLine custom="readingOrder {index:8;}" id="r2l23"><Coords points="2246,1445 2304,1445 2363,1447 2422,1447 2481,1448 2540,1450 2599,1450 2657,1451 2716,1451 2775,1453 2834,1453 2893,1454 2952,1456 3011,1456 3069,1457 3128,1457 3187,1459 3246,1459 3305,1460 3364,1461 3423,1462 3423,1428 3364,1427 3305,1426 3246,1425 3187,1425 3128,1423 3069,1423 3011,1422 2952,1422 2893,1420 2834,1419 2775,1419 2716,1417 2657,1417 2599,1416 2540,1416 2481,1414 2422,1413 2363,1413 2304,1411 2246,1411"/><Baseline points="2246,1434 2304,1434 2363,1436 2422,1436 2481,1437 2540,1439 2599,1439 2657,1440 2716,1440 2775,1442 2834,1442 2893,1443 2952,1445 3011,1445 3069,1446 3128,1446 3187,1448 3246,1448 3305,1449 3364,1450 3423,1451"/><TextEquiv><Unicode>to per additionem continuam surgit ad dies plures: menses et annos prout</Unicode></TextEquiv></TextLine><TextLine custom="readingOrder {index:9;}" id="r2l24"><Coords points="2243,1496 2269,1498 2295,1498 2321,1499 2347,1499 2373,1499 2399,1499 2425,1499 2451,1498 2477,1498 2503,1498 2529,1499 2555,1499 2581,1499 2607,1501 2633,1501 2660,1502 2660,1468 2633,1467 2607,1467 2581,1465 2555,1465 2529,1465 2503,1464 2477,1464 2451,1464 2425,1465 2399,1465 2373,1465 2347,1465 2321,1465 2295,1464 2269,1464 2243,1462"/><Baseline points="2243,1485 2269,1487 2295,1487 2321,1488 2347,1488 2373,1488 2399,1488 2425,1488 2451,1487 2477,1487 2503,1487 2529,1488 2555,1488 2581,1488 2607,1490 2633,1490 2660,1491"/><TextEquiv><Unicode>cuiquam placet extendere etc.</Unicode></TextEquiv></TextLine><TextEquiv><Unicode>Medius motus.
Primus terminus quo utuntur tabulan
tes motum planetarum. Qui quidem mo
tus qualiter investigatus sit a primis observatoribus esse tantus aut tan
tus infra diem naturalem patet ex prioribus. primo.n.inventus est medius motus
planete in epiciclo: qui dicitur argumentum medium: qui fit in uno die ex revolutio
nibus planete in epiciclo equalibus et ideo subtracto de medio motu solis
quem habet in una die. Restat medius motus planete in una die: quo habi
to per additionem continuam surgit ad dies plures: menses et annos prout
cuiquam placet extendere etc.</Unicode></TextEquiv></TextRegion><TextRegion custom="readingOrder {index:7;} structure {type:paragraph;}" id="TextRegion_1637776922647_417" orientation="0.0" type="paragraph"><Coords points="2237,1502 3426,1502 3426,2362 2237,2362"/><TextLine custom="readingOrder {index:0;} heading {offset:1; length:26;}" id="r2l27"><Coords points="2249,1574 2307,1576 2365,1579 2423,1580 2481,1581 2540,1582 2598,1582 2656,1583 2714,1583 2772,1583 2831,1585 2889,1585 2947,1586 3005,1586 3063,1589 3122,1591 3180,1594 3238,1597 3296,1601 3354,1606 3413,1612 3413,1579 3354,1573 3296,1568 3238,1564 3180,1561 3122,1558 3063,1556 3005,1553 2947,1553 2889,1552 2831,1552 2772,1550 2714,1550 2656,1550 2598,1549 2540,1549 2481,1548 2423,1547 2365,1546 2307,1543 2249,1541"/><Baseline points="2249,1563 2307,1565 2365,1568 2423,1569 2481,1570 2540,1571 2598,1571 2656,1572 2714,1572 2772,1572 2831,1574 2889,1574 2947,1575 3005,1575 3063,1578 3122,1580 3180,1583 3238,1586 3296,1590 3354,1595 3413,1601"/><TextEquiv><Unicode>Verus autem motus epicicli.</Unicode></TextEquiv></TextLine><TextLine custom="readingOrder {index:1;}" id="line_1637849748747_293"><Coords points="3283,1511 3434,1511 3434,1566 3283,1566"/><TextEquiv><Unicode>Patet ex</Unicode></TextEquiv></TextLine><TextLine custom="readingOrder {index:2;}" id="line_1637849754003_297"><Coords points="3271,1560 3442,1560 3442,1612 3271,1612"/><TextEquiv><Unicode>littera quid</Unicode></TextEquiv></TextLine><TextLine custom="readingOrder {index:3;}" id="r2l28"><Coords points="2237,1642 2295,1643 2354,1645 2412,1645 2471,1645 2529,1646 2588,1648 2646,1648 2705,1649 2763,1649 2822,1651 2881,1651 2939,1652 2998,1652 3056,1654 3115,1654 3173,1654 3232,1655 3290,1655 3349,1655 3408,1657 3408,1624 3349,1622 3290,1622 3232,1622 3173,1621 3115,1621 3056,1621 2998,1619 2939,1619 2881,1618 2822,1618 2763,1616 2705,1616 2646,1615 2588,1615 2529,1613 2471,1612 2412,1612 2354,1612 2295,1610 2237,1609"/><Baseline points="2237,1631 2295,1632 2354,1634 2412,1634 2471,1634 2529,1635 2588,1637 2646,1637 2705,1638 2763,1638 2822,1640 2881,1640 2939,1641 2998,1641 3056,1643 3115,1643 3173,1643 3232,1644 3290,1644 3349,1644 3408,1646"/><TextEquiv><Unicode>sit et ipse habetur per solam additionem aut detractionem equationis cen</Unicode></TextEquiv></TextLine><TextLine custom="readingOrder {index:4;}" id="r2l29"><Coords points="2237,1693 2299,1694 2361,1695 2423,1696 2485,1697 2547,1697 2609,1699 2671,1699 2733,1700 2795,1700 2857,1700 2919,1702 2981,1702 3043,1702 3105,1703 3167,1703 3229,1703 3291,1705 3353,1705 3416,1706 3416,1673 3353,1672 3291,1672 3229,1670 3167,1670 3105,1670 3043,1669 2981,1669 2919,1669 2857,1667 2795,1667 2733,1667 2671,1666 2609,1666 2547,1664 2485,1664 2423,1663 2361,1662 2299,1661 2237,1660"/><Baseline points="2237,1682 2299,1683 2361,1684 2423,1685 2485,1686 2547,1686 2609,1688 2671,1688 2733,1689 2795,1689 2857,1689 2919,1691 2981,1691 3043,1691 3105,1692 3167,1692 3229,1692 3291,1694 3353,1694 3416,1695"/><TextEquiv><Unicode>tri de zodiaco ad medium motum planete. Cur autem in planetis est medius</Unicode></TextEquiv></TextLine><TextLine custom="readingOrder {index:5;}" id="r2l30"><Coords points="2241,1739 2299,1742 2357,1742 2416,1744 2474,1745 2533,1745 2591,1747 2650,1748 2708,1748 2767,1749 2825,1750 2883,1750 2942,1750 3000,1751 3059,1751 3117,1751 3176,1753 3234,1753 3293,1753 3351,1753 3410,1754 3410,1721 3351,1720 3293,1720 3234,1720 3176,1720 3117,1718 3059,1718 3000,1718 2942,1717 2883,1717 2825,1717 2767,1716 2708,1715 2650,1715 2591,1714 2533,1712 2474,1712 2416,1711 2357,1709 2299,1709 2241,1706"/><Baseline points="2241,1728 2299,1731 2357,1731 2416,1733 2474,1734 2533,1734 2591,1736 2650,1737 2708,1737 2767,1738 2825,1739 2883,1739 2942,1739 3000,1740 3059,1740 3117,1740 3176,1742 3234,1742 3293,1742 3351,1742 3410,1743"/><TextEquiv><Unicode>motus epicicli et alius verus: non autem in luna causa est hec: et in luna centrum</Unicode></TextEquiv></TextLine><TextLine custom="readingOrder {index:6;}" id="r2l31"><Coords points="2244,1790 2302,1792 2360,1792 2418,1793 2476,1794 2534,1795 2592,1795 2650,1796 2708,1798 2766,1798 2824,1799 2882,1799 2940,1799 2998,1801 3056,1801 3114,1801 3172,1802 3230,1802 3288,1802 3346,1802 3405,1802 3405,1768 3346,1768 3288,1768 3230,1768 3172,1768 3114,1767 3056,1767 2998,1767 2940,1765 2882,1765 2824,1765 2766,1764 2708,1764 2650,1762 2592,1761 2534,1761 2476,1760 2418,1759 2360,1758 2302,1758 2244,1756"/><Baseline points="2244,1779 2302,1781 2360,1781 2418,1782 2476,1783 2534,1784 2592,1784 2650,1785 2708,1787 2766,1787 2824,1788 2882,1788 2940,1788 2998,1790 3056,1790 3114,1790 3172,1791 3230,1791 3288,1791 3346,1791 3405,1791"/><TextEquiv><Unicode>epicicli immediate movetur equaliter super centro mundi. in planetis autem</Unicode></TextEquiv></TextLine><TextLine custom="readingOrder {index:7;}" id="r2l32"><Coords points="2244,1838 2302,1840 2360,1841 2418,1841 2476,1843 2535,1843 2593,1844 2651,1846 2709,1846 2767,1847 2826,1847 2884,1849 2942,1849 3000,1850 3058,1850 3117,1850 3175,1851 3233,1852 3291,1852 3349,1852 3408,1852 3408,1818 3349,1818 3291,1818 3233,1818 3175,1817 3117,1816 3058,1816 3000,1816 2942,1815 2884,1815 2826,1813 2767,1813 2709,1812 2651,1812 2593,1810 2535,1809 2476,1809 2418,1807 2360,1807 2302,1806 2244,1804"/><Baseline points="2244,1827 2302,1829 2360,1830 2418,1830 2476,1832 2535,1832 2593,1833 2651,1835 2709,1835 2767,1836 2826,1836 2884,1838 2942,1838 3000,1839 3058,1839 3117,1839 3175,1840 3233,1841 3291,1841 3349,1841 3408,1841"/><TextEquiv><Unicode>non nisi per respectum ad lineam eductam de centro equantis. alius er</Unicode></TextEquiv></TextLine><TextLine custom="readingOrder {index:8;}" id="r2l33"><Coords points="2238,1891 2296,1891 2355,1891 2413,1891 2472,1891 2531,1892 2589,1892 2648,1894 2707,1895 2765,1895 2824,1897 2883,1898 2941,1898 3000,1900 3059,1900 3117,1901 3176,1901 3235,1901 3293,1901 3352,1901 3411,1900 3411,1867 3352,1868 3293,1868 3235,1868 3176,1868 3117,1868 3059,1867 3000,1867 2941,1865 2883,1865 2824,1864 2765,1862 2707,1862 2648,1861 2589,1859 2531,1859 2472,1858 2413,1858 2355,1858 2296,1858 2238,1858"/><Baseline points="2238,1880 2296,1880 2355,1880 2413,1880 2472,1880 2531,1881 2589,1881 2648,1883 2707,1884 2765,1884 2824,1886 2883,1887 2941,1887 3000,1889 3059,1889 3117,1890 3176,1890 3235,1890 3293,1890 3352,1890 3411,1889"/><TextEquiv><Unicode>go est punctus zodiaci: sub quo est verissime centrum epicicli: et alius qui</Unicode></TextEquiv></TextLine><TextLine custom="readingOrder {index:9;}" id="r2l34"><Coords points="2238,1936 2296,1937 2355,1938 2413,1939 2472,1940 2531,1940 2589,1942 2648,1943 2707,1943 2765,1945 2824,1945 2883,1946 2941,1946 3000,1948 3059,1948 3117,1949 3176,1949 3235,1951 3293,1951 3352,1952 3411,1952 3411,1919 3352,1919 3293,1918 3235,1918 3176,1916 3117,1916 3059,1915 3000,1915 2941,1913 2883,1913 2824,1912 2765,1912 2707,1910 2648,1910 2589,1909 2531,1907 2472,1907 2413,1906 2355,1905 2296,1904 2238,1903"/><Baseline points="2238,1925 2296,1926 2355,1927 2413,1928 2472,1929 2531,1929 2589,1931 2648,1932 2707,1932 2765,1934 2824,1934 2883,1935 2941,1935 3000,1937 3059,1937 3117,1938 3176,1938 3235,1940 3293,1940 3352,1941 3411,1941"/><TextEquiv><Unicode>tangitur a linea equalem motum epicicli indicante: sicut patuit circa li</Unicode></TextEquiv></TextLine><TextLine custom="readingOrder {index:10;}" id="r2l35"><Coords points="2238,1984 2296,1985 2354,1987 2413,1988 2471,1988 2529,1990 2588,1991 2646,1991 2704,1993 2763,1993 2821,1994 2879,1994 2938,1995 2996,1996 3054,1996 3113,1997 3171,1998 3229,1999 3288,2000 3346,2002 3405,2003 3405,1969 3346,1968 3288,1966 3229,1965 3171,1964 3113,1963 3054,1962 2996,1962 2938,1961 2879,1960 2821,1960 2763,1959 2704,1959 2646,1957 2588,1957 2529,1956 2471,1954 2413,1954 2354,1953 2296,1951 2238,1950"/><Baseline points="2238,1973 2296,1974 2354,1976 2413,1977 2471,1977 2529,1979 2588,1980 2646,1980 2704,1982 2763,1982 2821,1983 2879,1983 2938,1984 2996,1985 3054,1985 3113,1986 3171,1987 3229,1988 3288,1989 3346,1991 3405,1992"/><TextEquiv><Unicode>neas medii et veri motus epicicli. verus etiam motus planete quid sit</Unicode></TextEquiv></TextLine><TextLine custom="readingOrder {index:11;}" id="r2l36"><Coords points="2244,2033 2301,2035 2359,2036 2417,2038 2475,2039 2533,2039 2591,2041 2648,2041 2706,2042 2764,2042 2822,2042 2880,2043 2938,2044 2996,2044 3053,2045 3111,2045 3169,2047 3227,2047 3285,2048 3343,2050 3401,2051 3401,2017 3343,2016 3285,2014 3227,2013 3169,2013 3111,2011 3053,2011 2996,2010 2938,2010 2880,2009 2822,2008 2764,2008 2706,2008 2648,2007 2591,2007 2533,2005 2475,2005 2417,2004 2359,2002 2301,2001 2244,1999"/><Baseline points="2244,2022 2301,2024 2359,2025 2417,2027 2475,2028 2533,2028 2591,2030 2648,2030 2706,2031 2764,2031 2822,2031 2880,2032 2938,2033 2996,2033 3053,2034 3111,2034 3169,2036 3227,2036 3285,2037 3343,2039 3401,2040"/><TextEquiv><Unicode>et quem nominat arcum: patet in littera. Arcus autem veri motus seu veri</Unicode></TextEquiv></TextLine><TextLine custom="readingOrder {index:12;}" id="r2l37"><Coords points="2237,2086 2295,2086 2353,2086 2412,2087 2470,2087 2528,2088 2587,2089 2645,2090 2703,2090 2762,2092 2820,2092 2878,2093 2937,2093 2995,2095 3053,2095 3112,2096 3170,2096 3228,2098 3287,2098 3345,2099 3404,2099 3404,2065 3345,2065 3287,2064 3228,2064 3170,2062 3112,2062 3053,2061 2995,2061 2937,2059 2878,2059 2820,2058 2762,2058 2703,2056 2645,2056 2587,2055 2528,2054 2470,2053 2412,2053 2353,2052 2295,2052 2237,2052"/><Baseline points="2237,2075 2295,2075 2353,2075 2412,2076 2470,2076 2528,2077 2587,2078 2645,2079 2703,2079 2762,2081 2820,2081 2878,2082 2937,2082 2995,2084 3053,2084 3112,2085 3170,2085 3228,2087 3287,2087 3345,2088 3404,2088"/><TextEquiv><Unicode>loci planete: colligitur similiter mediantibus omnibus terminis et operatio</Unicode></TextEquiv></TextLine><TextLine custom="readingOrder {index:13;}" id="r2l38"><Coords points="2244,2134 2302,2135 2360,2137 2418,2138 2476,2138 2534,2140 2592,2140 2650,2141 2708,2143 2766,2143 2824,2144 2882,2144 2940,2146 2998,2146 3056,2147 3114,2147 3172,2149 3230,2149 3288,2149 3346,2149 3404,2150 3404,2116 3346,2115 3288,2115 3230,2115 3172,2115 3114,2113 3056,2113 2998,2112 2940,2112 2882,2110 2824,2110 2766,2109 2708,2109 2650,2107 2592,2106 2534,2106 2476,2104 2418,2104 2360,2103 2302,2101 2244,2100"/><Baseline points="2244,2123 2302,2124 2360,2126 2418,2127 2476,2127 2534,2129 2592,2129 2650,2130 2708,2132 2766,2132 2824,2133 2882,2133 2940,2135 2998,2135 3056,2136 3114,2136 3172,2138 3230,2138 3288,2138 3346,2138 3404,2139"/><TextEquiv><Unicode>nibus: que occurunt apud tabularios. Similiter autem in planetis: sicut in lu</Unicode></TextEquiv></TextLine><TextEquiv><Unicode>Verus autem motus epicicli.
Patet ex
littera quid
sit et ipse habetur per solam additionem aut detractionem equationis cen
tri de zodiaco ad medium motum planete. Cur autem in planetis est medius
motus epicicli et alius verus: non autem in luna causa est hec: et in luna centrum
epicicli immediate movetur equaliter super centro mundi. in planetis autem
non nisi per respectum ad lineam eductam de centro equantis. alius er
go est punctus zodiaci: sub quo est verissime centrum epicicli: et alius qui
tangitur a linea equalem motum epicicli indicante: sicut patuit circa li
neas medii et veri motus epicicli. verus etiam motus planete quid sit
et quem nominat arcum: patet in littera. Arcus autem veri motus seu veri
loci planete: colligitur similiter mediantibus omnibus terminis et operatio
nibus: que occurunt apud tabularios. Similiter autem in planetis: sicut in lu</Unicode></TextEquiv></TextRegion></Page></PcGts>