4076 2854
628 375 1035 478 Fit autem.
1034 336 1812 424 Officio instrumenti armillarum quod efficacissime
642 380 1812 477 partes celi secundum longitudinem et secundum latitudinem ex
640 462 1817 529 plicat deprehensum est veneris deferentem sicut et aliorum planetarum ab
626 508 1811 573 ecliptica declinare. insuper centro epicicli veneris in suo ecentrico dis
639 562 1804 623 currente idem centrum epicicli dum ab ecliptica declinant eiusdem instrumen
639 613 1817 673 ti usu media parte differentis que versus aquilonem est discurrere sem
626 656 1812 724 per cognoscebatur. Habita. n. quantitate epicicli facile constat ante centrum
637 707 1808 768 eius sit sub ecliptica hoc ita que centrum epicicli veneris dicitur: ut deferens eius
642 754 1808 814 deviat semper versus aquilonem reperiatur nullo modo salvari potest in
623 803 1804 860 si idem deferens motu accessionis et recessionis moveatur: taliter ut ea
639 849 1814 916 pars quam ingreditur centrum epicicli versus septentrionem semper decli
631 902 1804 960 net reliqua parte quam dimittit versus austrum se separante. Isto ergo mo
631 949 1804 1021 tu habito sequitur axem et polos super quo et quibus movetur secundum longitudi
634 1000 1808 1065 nem deferens veneris ad polos zodiaci quinque accedere quinque vero rece
635 1051 1812 1113 dere ab eisdem et aliquando esse cum ipsis. hic autem motus accessionis et re
639 1095 1811 1159 cessonis erit super diametro eunte per caput et per caudam veneris.
635 1141 1806 1205 Et ex eo motu sequitur augem veneris eclipticam pertransire: et esse aliquando sub
632 1195 1663 1255 ecliptica aliquando versus septentrionem aliquando versus meridiem. etc.
642 1246 1815 1360 Sed epiciclus eius.
1340 1239 1806 1303 Ex eisdem canis venus existens
1335 1301 1828 1346 in superiori parte epicicli convin
643 1335 1817 1401 citur motum secundum successionem signorum et in inferiore existens contra successum signo
628 1387 1808 1455 rum sicut in tribus superioribus dictum est. Revolutio etiam epicicli veneris in epi
645 1433 1815 1503 ciclo fit secundum medium motum in. 583. diebus. 22. horis . 14 minutis secundum Al
628 1484 1804 1549 fonsum. et eo tempore habito argumentum veneris unius diei modo
639 1536 1812 1602 qui iam sepenumero expositus est invenies. s.360.gra.per tempus re
volutionis dividendo. Et hoc circa venerem.
1072 1631 1325 1696 De Mercurio.
663 1723 881 1919 t
894 1674 1812 1744 Heorica Mercurii habet tres partes principales. In pri
896 1729 1812 1790 ma magister determinat de multitudine orbium par
904 1777 1817 1839 tialium in spera mercurii contentorum ostendendo simul
907 1828 1817 1889 cum dispositione orbium motuum quorundam. In secunda que orbis
910 1877 1825 1942 quartus tractat de motibus deferentis epiciclum quod habet
635 1921 1823 1991 varium ratione sue diverse habitudinis in ordine ad centrum mundi. In ter
639 1978 1433 2042 tia autem declarat terminos: ibi terminum autem.
635 2031 1828 2137 Mercurius habet orbes quinque.
1628 2012 1828 2080 Prima pars
1614 2082 1835 2128 in qua proponi
642 2115 1820 2218 tur naturas orbium partialium in spera Mercurii contentorum quorum
2223 342 3398 423 numerus sumitur simili argumentatone sicut circa precedentes dictum est. magi
2241 409 3400 472 ster autem in littera sufficienter primorum duorum exprimit dispositonem quo ad
eorum utrasque superficies quo ad centra quo ad nomen et quo ad motum.
2241 502 3403 572 quod autem isti duo primi tres in spera mercurii sunt ponendi: sic osten
2242 550 3414 616 ditur: et medietas epicicli mercurii in certo loco minor apparet et in opposi
2233 604 3416 662 to illius loci maior. sicut tempore Ptolomei minor quidem apparebat in libra. maior
2234 651 3419 711 vero in arie. circa arietem quidem semidiameter epicicli mercurii aparebat. 23.
2241 699 3414 765 gra. 15. minutis. et ex hac apparentia concluditur in mercurio longitudo longior: et longi
2236 746 3409 813 gitudo propior. et deinde ecentricus et duo primi orbes in tali dispositone sicut
2237 795 3422 856 dicit de eis littera motus autem istorum duorum ex eo patet: et diameter longitudinis
2244 843 3411 911 longioris et propioris non inveniebatur alitur variari nisi sicut stelle fixe. etiam hoc
2234 892 3409 960 demonstrat Pro. specialiter in mercurio.d.9.c.7. vocantur etiam dicti duo primi
2241 941 3425 1008 orbes deferentes augem equantis: ideo et in ordine ad eos aux in equante acci
2236 990 3411 1052 pitur sicut que in quocunque loco fuerit diameter latitudinis longioris eorum
2242 1041 3409 1103 in eodem etiam aux ipsius equantis: et sic et ad variationem eorum aux inequante va
2237 1090 3413 1149 riatur: deferentes augem equantis nuncupantur etc. Dicta autem diameter longitu
2241 1136 3414 1197 dinum sive etiam aux equantis quomodo ad antiquos sit venata esse sub hoc
vel sub illo loco puncto zodiaci: ut patet per Pto.d.9.c.7. videlicet accipien
2242 1236 3411 1298 do instrumento stellarum stellam mercurii quando ipse esset separatus a sole maio
2241 1285 3416 1346 re longitudine matutinali: et iterum vespertina ita tamen que seperatio
2234 1335 3413 1395 matutinalis seu longitudo esset equalis vespertine a linea medii motus so
2244 1379 3420 1439 lis: cum quoniam istud repertum fuerit necesse erit ut sit locus longitudinis
2234 1427 3425 1493 longioris idest aux orbis centri egredientis ipsum punctum medium inter lineam
2234 1482 3409 1541 medii motus solis prime inter lineam medii motus solis secunde conside
2236 1533 3414 1590 rationis. Tali enim casu anguli diversitatum sunt equales: et quando ipsi sunt
2236 1579 3411 1639 equales necesse est centrum epicicli equalitet distare diametro longitudinum
2250 1628 2765 1693 ut ibidem demonstrat.d.9.c.6.etc.
2237 1679 3422 1778 Inter hos extremos sunt alii duo.
2237 1767 3413 1836 Necessitas ponendi hos duos orbes secundos esse: et instrumento stellarum experti sunt
2241 1820 3425 1886 sapientes antiqui que ipse mercurius infra unum annum solarem infra quem com
2234 1874 3422 1935 plet suam revolutionem medio cursu bis apparet in longitudine pro
2241 1923 3425 1981 priori seu in maiore accessu ad centrum mundi alibi tamen existens quam in
2241 1972 3406 2035 opposito augis et quando tunc fuerit duobus signis ante vel post op
2244 2019 3413 2078 positum augis sui ecentrici et in opposito augis iterum remotius distare vi
2237 2059 3409 2129 detur. semel autem apparebant esse in auge infra eundem annum solarem quemadmo
2237 2110 3425 2200 dum etiam luna videtur bis accedere ad centrum mundi infra unum mensem. et hoc
