4076 2854
686 323 1871 413 na intelligendum est dummodo ipsi fuerint extra eclipticam verus locus pla
689 390 1865 461 nete in celo ostenditur per lineam euntem de centro mundi per centrum corpo
696 437 1871 510 ris planete. Sed in zodiaco ostenditur per circulum ductum per polos zo
699 486 1863 559 diaci et per centrum planete. Quicunque.n.punctus ecliptice a tali circulo ta
696 539 1858 608 ctus fuerit ipse est verus locus zodiaci planete habentis latitudinem etc.
687 600 1344 691 Centrum medium.
1340 592 1863 656 Est tertius terminus quo utuntur
680 591 1865 702 practicantes motum. et quid sit patet in
689 680 1863 754 littera qualiter est ipse investigatur et per subtractionem augis planete de ipsius
689 732 1855 800 medio motu. Accipitur etiam hic centrum in. 2a. significatione prout.s.nominat ar
693 776 1858 848 cum zodiaci non punctum medium ipsius circuli centrum etiam verum patet sicut dicit littera
693 832 1852 900 et ista duo centra non differunt ab invicem: nisi ratione termini: ad quem com
694 876 1663 951 putantur. utrumque tamen augis linea sumit terminum a quo
1703 930 1855 998 Quartus
680 929 1861 1051 Equatio centri in zodiaco.
1692 999 1877 1043 terminus
689 1025 1852 1095 qui apud tabulantes reperiatur: primus in tabulis equationum notum est ex lineis
693 1079 1858 1141 que movent arcum. calculatur autem eo modo: sicut equatio solis ab auge ecen
686 1125 1855 1187 trici incipiendo: ubi nulla est propter lineas medii ac veri motus epicicli
680 1171 1849 1238 idemptificatas: et inde per singulos gradus procedendo usque ad longitudinem
683 1227 1849 1285 mediam.i.ad illum in quo centrum epicicli mediocrem habet accessum ad centrum
686 1274 1852 1335 mundi inter augem et oppositum ubi maior ille arcus inter omnes invenitur
686 1317 1850 1387 propter lineas medii et veri motus epicicli in eo loco magis diversificatas
683 1369 1852 1436 Inde procedendo potestate linee ad se invicem cedunt. unde et arcum inter se
677 1423 1855 1487 minorant usque dum fuerit in opposito augis ecentrici ubi iterum in auge fiunt
686 1472 1846 1533 una. et sic sibi sicut in auge nulla fit equatio. Pro reliqua autem medietate
685 1515 1842 1583 circuli eodem serviunt ordine tamen verso: sicque complentur equationes centri in zo
688 1564 1858 1637 diaco. secundum autem talem processum ab uge ecentrici pro eundo usque ad oppositum li
681 1612 1847 1683 nea veri: ideo predicta equatio de medio motu planete et de medio centro
675 1660 1781 1729 abiicitur: sicut dicitur in littera in altera tandem meditate per oppositum. etc.
674 1715 1842 1834 Equatio centri in epiciclo.
1589 1712 1849 1775 Nihil aliud est
1580 1777 1866 1826 nisi arcus epici
676 1819 1866 1879 cli per differunt medius motus et verus planete in epiciclo: qui quidem ar
675 1858 1852 1923 cus est semper tot graduum et minutorum. quot equatio centri in zodiaco. ergo
675 1913 1847 1972 una et eadem est tabula: que intitulatur equatio centri continens duplices gra
669 1954 1850 2023 dus. s. zodiaci et epicicli et in quocunque loco una earum est nulla aut maxima in
672 2007 1838 2077 eodem et altera. Et magister in littera satis manifeste ostendit: quomodo omnes
681 2053 1842 2124 illas equationes esse equales non in quantitate quidem equali in proportione
quod sic adhuc pro clariori intelligentia ostenditur in hac figura.
2241 347 2816 439 Quandocumque inequis circulis supra
2247 417 2821 494 centrum equales consistunt anguli illas
2241 467 2818 542 super arcus equales cadere necesse
2247 512 2824 585 est. Sicut dicit.25.tertii euclidis. Sed
2237 562 2824 629 in circulo.s.t.h.qui sunt equales et qui
2237 608 2821 680 libet.360.partium angulus supra cen
2241 659 2846 730 trum. scilicet. c. e. u. est equalis arcui alterius.
2244 707 2813 775 t. g. s. ergo arcus unius. v. u. est equa
2237 751 2824 830 lis arcui alterius. t. s. ergo per 29.
2236 807 2819 873 primi angulus. t. e. u. est equalis an
2237 857 2819 924 gulo. l. g. e. et sunt anguli coalterni
2236 908 2808 965 et angulus.l.g.e. est equalis angulo
2244 957 2811 1014 s.g.t. per quindecimam primi et sunt
2234 1003 2818 1067 anguli contra positi et per consequens
2241 1044 3425 1122 arcus consistentes super angulos equales. scilicet.c.u.et.s.t. sunt equales ha
2247 1090 3416 1166 bita ergo una equatione habebitur et reliqua dum autem centrum epicicli
2241 1143 3430 1216 vadit ab auge ecentrici usque ad oppositum tunc mediu motus epicicli
2250 1190 3428 1263 maior est vero motu epicili. Et tunc etiam aux vera epicicli subsequitur me
2241 1239 3414 1319 diam secundum motum planete in epiciclo. Et iudeo quando equatio centri minuitur
2237 1292 3409 1363 a medio motu et a medio centro tunc ipsa medio additur argumento
2248 1339 3248 1411 in altera autem medietate fit per oppositum et hoc innuit littera etc.
2228 1392 3420 1512 Argumentum medium.
3072 1395 3409 1460 Quintus terminus
3062 1461 3448 1505 secundum quem reponi
2244 1482 3416 1557 tur motus planetarum in tabulas mediorum motuum seu reponi potest et si non re
2236 1530 3425 1606 ponatur. Iam autem dictum est qualiter ab antiquis hic motus investigatus est circa il
2244 1576 3409 1661 lam litteram. habet autem epicicli revolutio etc. argumentum etiam verum quid sit motum
2241 1626 3305 1707 est et nominat verum motum planete in epiciclo et est sextus terminus.
2241 1693 3403 1805 Equatio argumenti.
2957 1683 3409 1758 Septimus terminus indicat
2951 1760 3433 1801 arcum patet in littera. Investigatio
2228 1775 3401 1850 autem practice cuius arcus sit sicut circa lunam dictum.s.operando per semidia
2234 1823 3406 1902 metrum epicicli et ecentrici et per ecentricitatem. Cum eo tamen recurrendum
2228 1872 3214 1950 est ad Pto.aut ad Albeonem sive ad alios mathematicos.
2228 1923 3409 2048 Cum verum argumentum equatum.
3303 1928 3414 2007 Ideo et
3286 1999 3426 2038 tunc cor
2229 2008 3409 2094 pus planete fit in illa medietate que est verus orientem et in ulteriori loco fit
2220 2064 3400 2142 linea veri loci planete quam linea veri loci epicicli. Illa.n.linea dicitur
2223 2119 3403 2224 precedere alteram que ulterior est secundum successionem signorum zodiaci. Et ideo
3213 2197 3265 2228 f
