4076 2854
686 320 1866 429 a centro mundi distabit tribus gradibus secundum Pto. et deprehendendo ve
689 385 1861 475 rum locum mercurii longiorem matutinalem quando distaret suo medio cursu per
693 437 1863 527 quadram ab altera longitudinum. Et similiter deprehendendo quando est ve
696 483 1861 573 spertinus distans etiam per quadram a longitudinibus differentia media in
683 535 1852 624 ter illos veros motus et medios reperitur trium graduum ergo etc. Et hoc
691 581 1852 672 patet per Pto.d.9.c.9. propter motum autem duorum secundoum centrum equan
688 634 1849 723 tis discessit a centro ecentrici et accessit ad centrum mundi per duplam eo
680 677 1495 757 rundem duorum secundorum ecentricitatis quantitatem.
666 729 1842 865 Sed orbis quintus.
1382 742 1839 819 Secunda pars principalis
1379 799 1872 856 in qua determinat de motu
677 818 1839 913 deferentis epiciclum que habet varium ratione sue habitudinis diverse in ordine ad
688 878 1836 962 centrum mundi ostendendo cum hoc ipsius motum regularem esse super centro
680 921 1831 1011 equantis. Est tum hic sciendum que tam in mercurio quam in venere equans solum po
681 973 1834 1057 nitur propter motum planete in epiciclo diversum quantum sit diversis motus pla
669 1021 1831 1109 nete quem habet in epiciclo sit equalis respectu centri equantis. non.n.necessarius
669 1073 1831 1157 est pro ecentrico et ex quo revolutiones mercurii secundum longitudinem equales
678 1117 1831 1206 sunt revolutionibus solis sicut prius ostensum est: ergo ecentricus mercurii
669 1163 1836 1254 etiam equaliter revolvitur super centro quemadmodum ipsius solis super quo est linea
669 1217 1819 1301 medii motus mercurii in eodem loco secundum longitudinem cum linea medii motus
667 1260 1838 1350 solis. potest tamen etiam ipsius ecentrici motus equalis inequante dici et computa
662 1312 1834 1400 ri. ideo et ex quo linea ducta de centro mundi ad zodiacum semper suppo
662 1366 1836 1444 nantur eque distans linee de centro equantis usque ad centrum protense et ecen
661 1414 1831 1495 tricus et equans sunt circuli equales et in eadem superficie locati. sequitur si
669 1458 1814 1547 una eorum computat motum equalem et reliqua. et si in uno circulorum dicetur motus
653 1506 1825 1588 equalis et in reliquo similiter dicendus erit. sicut hoc faciliter ostendi pos
658 1558 1825 1639 set demonstrative ex qualitate angulorum et arcuum inequis circulis sic er
655 1604 1817 1690 go patebit presens littera: ponit autem magister Cor. quando omnes planete in mo
658 1656 1819 1736 tibus. suis habent communicationem cum motu solis hoc ideo et cum eo habent
650 1701 1815 1788 notabilem connexionem sicut cum primo luminoso. sic testatur Pto. primo
661 1753 1817 1836 quadripartiti. Et ergo participatur cum ipsius motu influxu et operatione.
650 1812 1817 1932 Huius autem orbis.
1232 1810 1823 1885 Quemadmodum de venere dictum est ut
1235 1867 1835 1926 supra que axis super quo est motus de
643 1894 1811 1980 ferentis secundum longitudinem propter alium motum eiusdem deferentis que deviationis di
651 1948 1815 2032 citur variabilis est et poli seu extremitates axis eiusdem accedunt et recedunt
642 1994 1817 2081 ad polos zodiaci continue. Sic in mercurio et deferens eius etiam habet motum
647 2042 1817 2126 deviationis qui motus est secundum latitudinem axis super quo movetur defe
634 2089 1809 2199 rens secundum longitudinem et poli eius continue variabuntur et accedunt et rece
2212 328 3395 428 dunt a polis zodiaci. in mercurio enim centrum epicicli semper invenitur ab ecli
2214 410 3386 470 ptica versus austrum declinantem: seu deviare dummodo fuerit extra nodes quod
2207 459 3379 524 nullomodo aliter salvari potest nisi que ipse deferens habeat alium motum super diametro
2214 505 3371 572 transeuntem per nodos et per centrum ecentrici quo posito sequitur accessus polorum
2217 551 3376 619 deferentis ad polos zodiaci sicut dicit littera. Et de hoc motu secundum la
2210 605 2995 669 titudinem patebit in capitulo de latitudinibus.
2223 665 3389 772 Patet itaque.
2637 646 3379 715 Hoc Cor. satis est manifestum. semel. n. infra me
2631 709 3408 769 dium annum centrum epicicli deferens augem
2209 743 3379 816 ecentrici circuit: nam cum centrum epicicli et deferentes augem ecentrici
2206 795 3387 859 simul fuerunt in auge equantis: processeruntque suis motibus in suos terminos
2210 841 3389 914 post medium annum iterum conveniunt fiuntque similiter in opposito augis equantis
2207 894 3392 957 et sic: ipsa semel illos pertransivit: de opposito et augis equantis motus predictos
2202 948 3379 1005 continuantes altera vice in auge equantis viim moveri ceperant concurrent: sicque vi
2217 990 3376 1054 ce altera eosdem circuibit in altera anni medietate. et sic bis in anno deferentes
2201 1043 3389 1108 augem ecentrici pertransit centrum epicicli: semel dumtaxat perveniens ad au
2199 1086 2811 1157 gem equantis et ecentrici infra anuum. etc.
2198 1143 3382 1252 Aux ei differentis.
2829 1132 3384 1203 Pertractat magister diversum mo
2811 1194 3407 1246 tum augis ecentrici quem habet ratione duo
2215 1230 3394 1298 rum orbium secundorum similiter diversum accessum et recessum centri epicicli ad cen
2210 1285 3379 1347 trum mundi omnidendo in quibus locis centrum epicicli plus distat a centro mun
2207 1331 3382 1396 di. et. s. tunc quando fiunt in auge equantis et ecentrici distat eidem. 69. gra. secundum illos gra
2212 1377 3384 1447 dus quorum. 60. constituunt semidiametrum in quibus etiam locis maxime accedit ad cen
2210 1430 3386 1495 trum mundi et. s. tunc quando distat duobus signis ab auge equantis quod idem est
2218 1482 3384 1542 tunc eidem secundum eosdem gradus distat per.55.gra. et. 33. mi. quando autem fuerit centrum epici
2204 1530 3387 1596 cli in capite linee contingentis per unum circulum oppositum augis equantis distat
2204 1574 3379 1642 tamen.56.gra.22.minutis. ut patet per magistrum in dialogo. Scilicet dum fuerit in opposito au
2210 1626 3376 1688 gis equantis distat predictum centrum epicicli a mundi esse .57.gra. ut patet per
2220 1675 3371 1737 Pto.d.9.c.9. ⁊ sic patet que centrum epicicli mercurii fit maior in accessu ad
2198 1726 3371 1786 centrum mundi dum distiterit ab auge equantis quattuor signis ex quicunque hoc
2210 1774 3371 1836 fiat parte plus iterum distat quando fuerit in capite alicuius contingentis parvum circulum
2204 1823 3371 1886 circa oppositum augis. et iterum plus dum est in opposito augis equantis. Motus
2207 1866 3376 1932 autem diversus augis ecentrici satis plane declaratur per litteram. hoc eidem habito
2207 1915 3376 1981 proculis videlicet que semper aux ecentrici declaretur per lineam exeuntem de centro mun
2199 1966 3379 2035 di et per centrum ecentrici usque ad circumferentiam ductam. ut patet ex septima ter
2206 2013 3382 2085 tii euclidis et facilime intelligenter iste diversus motus augis ecentrici: ut patet
2201 2067 3382 2132 que non circulariter revolvitur circa centrum mundi similiter que ipsa certos ha
2198 2110 3373 2195 beat limites quos non egreditur sed iam recedit iam vero accedit ad augem
