4076 2854
672 384 1842 424 go instrumento armillarum mediante ipse Pto. et nonnulli sui ante
683 433 1847 473 cessores accipientes vera loca planetarum in ordine ad certam stellam fi
683 483 1851 521 xam observabant revolutiones seu reversiones earum equales in quanto
677 531 1842 571 erunt tempore: et ex illo tandem tempore in motus eorum simplices: seu equales per
680 580 1841 620 venerunt tam quo ad epiciclos quam quo ad zodiacum: et eos tandem in
683 630 1839 671 tabulis collocaverunt nobis usum sempiternum reliquentes. Que qui
671 681 1421 716 dem revolutiones ponuntur. d.9.c.primo. etc.
665 760 1782 810 Quilibet trium superiorum.
1695 735 1842 769 Prima
1689 779 1859 819 pars in
674 826 1842 862 qua proponitur numerus orbium partialium cuiuslibet trium superiorum
668 873 1838 911 tot hec orbes partiales in sphera sua: quot requiruntur et sufficiunt ad salvan
672 922 1842 961 dum diversum motum. Scilicet tres etc. minor patet in deductione cuiuslibet se
668 972 1844 1009 orsum et primo que ecentricus in eis ponendus sit ostenditur simili ratione: sicut de so
668 1021 1836 1060 le dictum est. deprehensum est enim quando centrum epicicli in orbibus quinque planetarum
671 1069 1841 1108 dummodo pertransierit zodiacum per maius tempus morabatur in una
675 1119 1845 1156 medietate zodiaci quam in altera. Et hoc quidem salvari minime post quam
677 1168 1835 1205 per positionem ecentrici: quo posito alii duo circumstantes sibi ponendi sunt: ne
665 1215 1839 1255 scissio spherarum vel commissio vacui sequeretur. Et hoc quidem affirmat
674 1266 1830 1304 Pto.d.9.c.5. sic dicens in diversitate autem: que videtur apud partes orbis si
660 1315 1833 1352 gnorum invenimus in arcubus que sunt in ortibus unis aut unis figuris omnium
660 1362 1826 1403 signorum. i. arcubus secundum unam proportionem: aut ceteris partibus distanti
671 1408 1841 1451 bus tempus: quod est a motu minori ad motum maiorem.i. per longius tempus mora
665 1459 1830 1499 tur procedentes ab auge ad longitudinem mediam: per minus vero proceden
669 1509 1835 1550 do a longitudine media ad oppositum augis: immo et centrum epicicli tardius
668 1558 1826 1598 movetur circa augem ecentrici: quam circa eius oppositum. Et hoc quidem
675 1608 1841 1646 contigere secundum ecentricum est possibile: sicut in sole dictum est: vt patet et minor est
660 1656 1841 1694 motus ad longitudinem longiorem: maior vero ad propriorem. Quod est
669 1705 1839 1744 epiciclus ponendus sit patet. et diversitates et figure: quas omnes quinque plane
669 1756 1830 1798 te respectu solis nullo modo salvari possunt sine positone epicicli: vt patet per
669 1802 1628 1844 dirrectones: statones: retrogradatones. sic ergo minor vera. etc.
654 1880 1707 1931 Orbes autem augem deferentes.
1698 1845 1827 1892 Secunda
1697 1892 1858 1944 pars in qua
660 1950 1817 1987 ait de motibus orbium partialium in sphera uniuscuiusque trium superiorum con
666 1996 1827 2038 tentorum. Et primo de motu augem deferentium quod autem hii orbes moveantur
653 2047 1829 2087 motu ab octava sphera eis influxo: sic potest persuaderi: at aux ecentici:
656 2098 1821 2135 cui quilibet istorum trium planetarum in qualibet revolutione semel appli
641 2148 1818 2186 catur non est inventa neque comperitur variari: nisi qualiter variantur
2217 364 3390 401 stelle fixe. ergo et isti orbes taliter variantur seu moventur. Et hoc quidem
2219 415 3402 452 esse verum affirmat Pto. in multis locis. signantur tamen.d.9.c.7. Ex eo ergo
2219 465 3392 502 quod diximus: et ex eo: quod vidimus de convenientia: que est in stellis erra
2213 513 3399 551 ticis diametros que transeunt super longiores et propriores motum lo
2219 563 3386 601 calem ad successionem signorum supra centrum orbis signorum. Et quod tempus huius
2226 611 3384 647 localis motus est equale tempori localis motus sphere stellarum fixarum.
2223 658 3396 697 hec ille. intelligendum est quod eo motu etiam movetur ecentricus. Sicut propter hunc
2223 705 2949 746 motum habet sibi alium proprium: de quo est littera. etc.
2211 771 3291 832 Sed orbis epiciclum deferens.
3317 758 3402 793 Ideo
3316 802 3429 845 aux de
2223 847 3405 892 ferentis epiciclum secat axem zodiaci octaue sphere: et deferens cuiuslibet
2226 898 3404 940 trium superiorum declinat ab ecliptica sic: que una eius pars tendit ad septem
2219 949 3392 988 trionem: altera austrum versus pro tanto etiam polos deferentis a po
2216 1000 3395 1037 lis zodiaci sequitur distar~. Et hic pʒ per Pto.d.9.c.5. ubi sic inquit. Et
2217 1047 3393 1085 neque est linea recta descripta super duo centra orbium signorum orbis stelle
2226 1095 3396 1135 secundum longitudinem unam a punctis duarum equalitatum et duorum
2214 1143 3390 1183 tropicorum: super quam videntur longitudo longior et longitudo proprior cu
2219 1192 3389 1232 iuscunque stellarum. Quod tantum valet linea vadens per augem et op
2222 1245 3393 1282 positum augis in istis planetis non vadit per ambo centra. s. zodiaci et ecen
2229 1293 3402 1331 trici. Et hoc ideo: et superficies unius non est in superficie alterius propter
2222 1339 3401 1379 declinationem. naturaliter autem istos deferentes declinare fecit: quos
2216 1390 3396 1427 planete in diversas partes mote diversos in inferioribus producant
2219 1437 3395 1475 effectus reddanturque quandoque debiles quinque fortes: planeta enim si fue
2220 1485 3390 1523 rit septentrionalis: erit sua significatio maior: durabitque tempore longio
2229 1533 3393 1573 ri. si meridionalis fuerit fir econuerso inquiunt astrologi. Quod etiam dicit
2220 1581 3402 1622 que poli deferentis distant a polis zodiaci distantia non equali: verum est et po
2228 1630 3395 1670 lus deferentis meridianus plus distat a polis zodiaci. borealis vero
2222 1681 3390 1720 minus sed et axes eorum secant se non in centro mundi et polum borealem. Et
2213 1729 3018 1768 huius iterum causa est ecentricitas deferentis.
2228 1779 2583 1861 Quare fit.
2543 1783 3396 1816 Hoc Cor. patet ex eo: et ex quo deferentes non ha
2290 1814 3399 1866 bent alium motum nisi octave sphere et talem motum
2228 1876 3396 1915 sequitur aux deferentis ergo postquam reperte sunt auges omnium trium versus
2225 1924 3395 1964 aquilonem imo certo tempore eam partem semper tenebunt. ergo numquam pertran
2222 1972 3395 2015 sibunt eclipticam. dicte autem auges quando et in qua parte zodiaci sunt inuen
2229 2022 3393 2065 te similiter quantitates ecentricitatum patet per Pto. in Marte.d.io.c.7. in Iove.d.
2228 2068 3404 2114 I I.c.i. In Saturno.d. I I. c. 5. sequens etiam littera magistri satis pla
2229 2115 2702 2162 na est et evidens in figura. etc.
