2916 3742
526 246 2621 429 Nos Elizabeth Dei gracia Regina Polonie Nata Serenissimi domini Alberti Dei gracia
723 397 2628 483 Romanorum Hungarie Bohemie etc Regis ducis Austrie et Marchionis Moravie
753 452 2616 558 etc Recognoscimus pro nobis heredibus et successoribus nostris tenore presencium quibus
737 512 2610 620 expedit universis Quemadmodum Illustrissimus princeps dominus Ladislaus Dei gracia
743 577 2635 672 Hungarie Bohemie etc Rex dux Austrie Marchioque Moravie etc dominus et
741 636 2630 752 frater noster carissimus spontanea voluntate ac de principum spiritualium et
735 707 2620 821 secularium prelatorum Baronum procerum et plurimorum aliorum fidelium et
735 770 2641 895 subditorum suorum Consilio Nos illustrissimo principi domino Kazimiro Regi
722 830 2646 961 Polonie etc domino et conthorali nostro carissimo in legittimam consortem tradiderit
723 901 2623 1032 et desponsaverit eidemque sponso nostro et ac nobis tantam dotem pro Marita
713 965 2651 1085 gio dederit et persolverit de qua idem dominus Rex Conthoralis noster
715 1028 2659 1167 carissimus et nos plenarie contentamur ac in futurum contentabimur
701 1094 2642 1214 Ita Nos erga dictum dominum et fratrem nostrum Regem Ladislaum suosque here
746 1163 2684 1290 des ex femore suo procreatos ac eorundem heredum posteros directe linee propagine
722 1234 2633 1367 ab eisdem descendentes masculini sexus duntaxati de consensu et voluntate
707 1298 2607 1442 prefati domini et conthoralis nostri omni juri Regnorum principatuum terrarum
726 1375 2622 1506 et dominiorum ipsius domini et fratris nostri Regis Ladislai omniumque hereditatum
726 1442 2642 1577 sive porcionum hereditariarum singularumque successionum sive devolucionum
729 1504 2644 1644 que nobis jure paterno sive materno compeciissent competerent ac ad nos
719 1575 2706 1687 tam dicto jure quam aliunde devolute fuissent competere seu devolvi possent
720 1643 2525 1794 quomodolibet in futurum Necnon omnibus et singulis localibus clenodiis
719 1720 2631 1848 Gemmis lapidibus preciosis argentariis et aliis bonis mobilibus quibus
734 1791 2702 1919 cumque nominibus vocatis acquisitis seu in futurum acquirendis totaliter
728 1859 2669 1970 renuncciavimus et renuncciamus tenore presencium per tenorem promittendo
722 1920 2608 2071 ac spondendo sub bona ac sub Reginali honore nostris Quod neque
698 1988 2668 2135 nos neque heredes sive posteri nostri ac quisque alter nostri nomine premissorum
718 2066 2617 2194 occasione erga prefatum dominum et fratrem nostrum Regem Ladislaum suos
718 2131 2687 2287 que ut premittitur heredes et posteros masculini sexus duntaxat nullo
695 2214 2671 2348 umquam tempore aliquam accionem sive questionem judicialem sive extra
658 2277 2667 2395 judicialem habere seu movere volumus seu debemus sed ipsi Regnis
732 2350 2650 2453 terris dominiis hereditatibus devolucionibus aliisque rebus tam mobili
714 2401 2634 2539 bus quam immobilibus libere uti et frui possint et valeant per ipsorum
732 2482 2649 2584 libitu et voluntate absque nostro et heredum nostrorum impedimento Casu
733 2553 2654 2671 autem quo dictus dominus et frater noster Rex Ladislaus sive superius limitati
725 2618 2689 2757 heredes sui ab hac Iuce decederent aliis heredibus ex se procreatis masculini
740 2674 2662 2816 sexus post se non relictis quod Deus avertat quod terre nobis sive
736 2757 2624 2872 heredibus nostris presens nostra renuncciacio in nullo prejudicare sive
728 2833 2654 2941 nos ad aliquid restringere debeat sed eo facto omni careat roboris
746 2901 2672 3016 firmitate Nosque tunc et nostri heredes et succesores legittimi in omnem
743 2972 2665 3089 hereditatem nobis de jure debitam libere ingredi ac succedere possimus
746 3031 2513 3161 et valeamus Renuncciacione presenti nobis in aliquo non obstante
