1863 2506
572 308 1633 355 opere domino causaliter ad extra producto et operatum dei extrin
565 362 1618 419 seca presupponit perfectionem intra Secundo dixi. Opus dei per
561 433 1622 465 fectum quod sic probatur ex agente et agendi modo ac sine in
558 483 1618 533 tento perpenditur omnis perfectio. Ex agente quidem in quo
565 540 1625 589 perfecte sunt omnia agendi principia. ex modo agendi si
561 607 1622 650 independentur a se per se et propter se agit nulli alteri agen
575 671 1625 703 ti innitens. nec formam agendi ab alio discens nec as
554 710 1625 771 finem aliteri subministrans Ex fine intento si bo
561 782 1622 821 nus in se bonus omnibus noctuus nemini. Hec omnia viden
554 835 1625 903 da sunt in operibus in quo perfectissima sunt omnia agen
572 903 1615 953 di principia que sunt posse scire et velle. Posse quidem
568 953 1615 1002 enim impeditum et omnipotens scire non ob umbratum et
565 1024 1611 1070 lux pura et velle ab omni invidia relegatum et summum
561 1081 1611 1134 bonum immo pura bonitas. In primo relucet patris
561 1138 1618 1184 omnia patrantis potentia In secundo verbi ab eo geniti omnium
565 1184 1622 1248 artifex sapientia qui modum divine actionis deducit a fine
561 1248 1625 1305 intentionis usque ad finem executionis. media singula di
561 1312 1615 1348 sponens suaviter. In tercio spiritus domini bonus potentiam et
568 1351 1622 1415 sapientiam amicabiliter connectit ut cuncta que a patre factam
550 1415 1615 1479 et filio formata sunt in spiritu sancto bonitatis ornatum susci
550 1479 1629 1533 piant quantus spiritu ornante celos et que ferebatur super aquis. in. super
568 1543 1618 1586 primam fluitatem materiam cuncta que deus fecerat essent val
568 1593 1615 1636 de bona. Hec insinuantur in verbis apostoli ad Romanos. xi.
572 1636 1615 1704 Ex ipso per ipsum et in ipso sunt omnia. ex ipso sicut ex primo
568 1704 1629 1768 fontali ornante principio ex quo sunt omnia et ipsum ex nullo
572 1768 1629 1828 per ipsum sicut per primum formativum exemplar a quo pro
572 1828 1611 1878 cedunt in res naturales forme rerum. In ipso sicut in bo
561 1867 1618 1949 nifluo continente et nichil eorum odit que fecit sed omnia
561 1949 1611 2006 amat atque conservat. et hoc in tinnori conservatione
