1863 2506
323 312 1412 358 et eternaliter genitus Et medium tercie reductionis est homo
326 372 1419 415 taliter conditus eternaliter genitus et in lumine verita
337 433 1423 476 tis superne intellectus visus secundum que supra allegatum
323 486 1412 547 est Hec est vita eterna terminus igitur in opere nature
326 547 1415 607 fuit homo conditus qui post lapsum per filium dei et eterna
319 621 1412 661 liter genitum et in nostra natura temporaliter natum iterum
326 664 1390 710 reductus et reparatus est et in suum reparatorem beatifice co
323 714 1394 778 gnitum finaliter beatificatus est et sue consummationis fe
337 782 1401 842 licem accipit finem. ¶ Sequitur minor. Cui resistet demo
326 849 1369 896 nis malicia quam vincit dei sapientia suaviter disponens
323 892 1419 953 omnia. Patet ex nomine suo quo Sathanas appellatus
340 956 1405 1013 est. i. adversarius. quam omni bono adversatur. licet ipse
340 1013 1394 1077 a bono deo bonus factus. sed in veritate non stetit et suo
337 1077 1398 1123 creatori quodammodo equari voluit. Hinc ordinem a
301 1123 1401 1180 deo institutum turbare et pervertere nisus est. Fuit quidam
344 1198 1394 1237 creatura sub creatore posita quatenus sue bonitatis
308 1244 1383 1305 influxum indesinenter recipiens conservaret. Sed tumo
308 1305 1401 1358 re superbie a seipso depravatus se divine bonitatis influ
315 1358 1401 1412 xui subtraxit et ne homini communicaretur invidit dolore gra
308 1422 1401 1472 vissimo confectus super excellentiam hominis ad quam deo mi
323 1483 1401 1540 serante in supplementum angelice ruine vidit illum subli
323 1547 1390 1604 matum. In his igitur duabus maliciis superbia atque in
301 1604 1387 1664 vidia tota pravitas affectus angelici consistit que sui
333 1668 1405 1721 mali vestigia homini imprimere nititur quare et eun
315 1725 1423 1771 dem sicut ipse per superbiam cecidit temptare cura
315 1778 1412 1825 vit. Noverat enim hominem ad imaginem dei factum
315 1835 1401 1882 ut suum factorem imitaretur eum in rectitudine qua
305 1896 1390 1956 conditus fuit Hinc demon a deo apostans hominem
319 1946 1390 2003 a dei imagine et ab hac deiformi imagine avertit et a
