1863 2506
592 306 1645 367 celebrat pro illo principaliter et ille celebrat principa
592 389 1635 420 liter pro illo et hoc est impossibile eum facere per unam
592 436 1654 490 missam et impossibile est que missa cedat totaliter ad sa
576 490 1642 541 tisfaciendum principaliter pro illo. et simul cum hoc satis
576 541 1642 598 faciat pro illo etc. Ex his patet patereque sit dicendum
589 620 1575 665 ad questionem unam communem qua queritur
617 677 1626 725 ¶ Utrum missa celebrata pro multis tamen valeat uni-
573 738 1632 779 cuique eorum ac si specialiter pro illo celebraretur posi-
585 785 1642 833 to que quilibet eorum indigeret ¶ Est enim dicendum que non
585 845 1645 890 immo in tali casu quoniam celebratur eque primo pro multis va
601 909 1635 956 lor misse distribuitur equaliter et cedit cuilibet in partem
598 969 1638 1004 satisfactionis apud deum secundum equalem porcionem et nume
608 1014 1635 1077 rum personarum pro quibus fit. et per consequens quan
595 1083 1638 1131 to plures fuerint: tanto unusquisque minus habebit.
601 1156 1635 1201 Nam valor misse qui potest provenire alicui in pur-
573 1213 1638 1248 gatorio existenti est finire virtutis. et alia sufficeret u-
579 1251 1623 1315 na missa ad satisfaciendum pro omni debito in quo tenerentur
589 1321 1629 1362 quodcumque homines obligati ad quamcunque penam in
582 1372 1645 1423 purgatorio Et sic frustra celebraret ecclesia plures mis
585 1429 1638 1480 sas pro eis. Item si tamen valeret generalis missa dicta pro
585 1489 1629 1550 omnibus existentibus in purgatorio quantum si esset di-
585 1550 1632 1594 cta specialiter et principaliter pro uno Irrationabi-
589 1594 1632 1670 liter ordinaret et permitteret ecclesia que celebraretur
585 1673 1638 1715 pro uno specialiter. sed semper deberet celebrari pro omni-
582 1715 1632 1768 bus existentibus in purgatorio. et omittendo alios
592 1775 1629 1835 et celebrando pro istis nichil accresceret istis. et mul-
589 1838 1648 1902 tum deperiret aliis. Et sic tota ecclesia erraret. que
598 1914 1642 1946 ubique servat oppositum. Et ideo non videtur ra-
601 1971 1645 2025 cionabile nec bene dictum: que una missa celebrata
