1863 2506
309 307 1472 355 Sicut in pictore et domifactore et ita essent simplices in-
306 375 1475 420 formandi etc. Quo ad secundum scilicet quo ad personam suffra
311 445 1472 476 gium impendens. ipse duos oculos tenetur habere scilicet quo ad pe
306 496 1475 539 tentem ne eum recta et licita petentem sua intencione defraudet.
311 554 1465 589 si salarium sustentationis ab eo recipere decrevit. Eciam ocu
296 614 1465 662 lum habere debet ad ecclesiam militantem cuius personam gerit. ut con
314 685 1465 715 tra instituta ecclesie nichil attemptat. ut scilicet sacrificium prin-
294 728 1467 778 cipaliter pro petenti secundum rectam eius intentionem in vim satis-
299 793 1472 838 factionis offerat. et secudum vitam ecclesie tam pro viuis quam pro de-
314 858 1462 899 functis orationes consuetas non intermittit. nec derogat per
304 914 1457 959 hoc intencioni petentis si alias orationes quascumque addat com-
299 969 1460 1025 mittens hec omnia quo ad distributionem divine pietati que
311 1035 1462 1083 ex largitate sua sive restrictione. et imme mensura secundum or
306 1088 1465 1138 dinem sapientie sue cuilibet anime potest hec dispensare. Nam nulli
306 1141 1460 1196 mortalium de communi lege constare poterit quantum illi vel isti de
294 1203 1462 1254 satisfactione decrevit relaxare. nisi constiterit per revelacionem
294 1266 1462 1307 nec aliquis doctorum certam de hac tradidisse legitur doctri-
286 1314 1462 1362 nam. Immo non approbandus est hic ritus nec ratio admittit nec
286 1377 1455 1415 scripture de hoc loquuntur doctorum que pro illa anima triginta
301 1438 1457 1493 misse et pro alia interum triginta et sic de aliis diversis perso
299 1501 1462 1549 nis petentibus diversis temporibus potest satisfieri per semel trigin-
291 1554 1462 1606 ta missas lectas nisi procederet voluntate. et ibi defrau-
296 1616 1462 1669 dari videtur eorum voluntas ipsis ignorantibus: et non sic esti
291 1669 1447 1720 mantibus. Eciam pro sacrificio in vim satisfactionis pro anima
303 1732 1467 1782 defunctorum non possunt suffragia requirit equalitatem di-
289 1793 1459 1841 missi delicti et pene suscepte Aut oblacionis condig
289 1852 1464 1897 ne Secus est de oracionibus aut caritate etc. qui in pluribus
283 1911 1445 1944 divise partes non reddunt minores quod tamen facit opus
292 1961 1445 2012 satisfactorium. que quanto pluribus fit tanto minus
1319 2032 1444 2076 A iiii
