1863 2506
422 319 1554 387 per mititatem et mansuetudinem non aut nutrire per iram. Utitur per
419 397 1540 429 accidiam coniugatonibus inutilibus per evagationem mentis que
422 436 1551 490 abundant in fallacia accidentis. Utitur ad avariciam falla
419 504 1551 554 cia secundum plures interrogationes ut unam dum ad omnes ne
426 572 1544 611 cessitates humanas sublevandas dicit sufficere aggre
426 618 1536 661 gare pecunias que frequenter afferunt plures indigentias
429 682 1558 732 et que plura habet pluribus indiget. Utitur ad gulam falla
433 764 1490 789 cia secundum quod ad simpliciter sic arguens. Istud est dele-
433 799 1540 856 ctabile et bonum gule igitur est simplicitet eligendum. Utitur
419 878 1544 917 tandem ad luxuriam fallacia ista et altera et non coniungun
429 931 1544 985 tur extremitates convenienti medio. Fallaciam quoque pro-
419 992 1540 1034 ponit consequentis sic arguens. Generatio filiorum est bona.
440 1049 1544 1088 ergo cessatio a generatione est mala. Per argumentum a con
422 1098 1540 1141 trario sensu quod fit ab opposito antecedentis ad oppo
454 1163 1533 1216 situm consequentis. Possentque circa singulas fallacias mo
426 1237 1533 1266 di paralogismorum in temptationibus demoniacis fingi quod
426 1284 1529 1326 studiosis relinquo. Sed notandum que dixi dei sapientiam non
429 1337 1529 1376 nostram vincere. et demon adhuc habens limpida natura
433 1397 1547 1437 lia quibus abutitur in malum est nobis astutior mille habens
415 1458 1547 1497 nocendi artes. Est eciam potentior et ex sua superbia presu-
415 1501 1529 1572 mens aggreditur. Contra quam humilitate radicati nos
412 1593 1533 1622 protectioni divine committamus. Divina igitur vir
433 1636 1529 1689 tute cum hic potissimum aggrediendum est. quam proprie
422 1704 1515 1721 meretur infirmitatis cognitio. et humilitas que sola la
422 1736 1512 1785 queos evadere possit: ut legitur de beato anthonio.
444 1807 1515 1839 Huius exemplum legitur in libro regum de iosaphat.
444 1853 1526 1899 qui videns hostium multitudinem infirmum se co-
415 1939 1522 1967 ram deo fatetur: et se totum convertens ad domi-
412 1978 1558 2031 num invocauit et prevaluit ex hoc et precedentibus
