2081 2783
690 174 1602 246 Tractatus Secundus
449 300 1181 352 politano potiti sunt latini. annis. 50. et
443 358 1181 406 unio facta est de qua unione habetur extra
443 418 1172 454 de bap. licet grecos. Et creatus Impa
428 463 1169 508 rator primus comes gallicus nomine
425 508 1181 571 Blandninus. et patriarcha Constanti-
449 571 1178 607 nopolitanus quidam venetus. post annos
440 626 1187 671 tandem quinquaginta t Greci re
449 677 1187 725 cuperaverunt imperium Ianuensium adiu-
440 725 1178 773 torio. de manibus latinorum. factusque est
449 779 1175 836 imparator Grecus Michael paleolo-
440 836 1175 884 gus. Qui misit ad concilium lugdenense per
449 887 1172 948 Gregorium decimum celebratum. offerens se
443 957 1175 993 velle concordare et uniri cum ecclesia la
440 1002 1181 1038 tina. de processione tamen spiritus sancti cupivit
440 1053 1169 1113 erudiri si procedens a filio non procedat a
434 1122 1169 1158 duobus principiis. eo que omnia ab uno pro
440 1167 1169 1209 cedunt principio. unde in eodem concilio
431 1209 1169 1261 declaratum est. v Et decretum spiritum
440 1276 1175 1327 sanctum procedere a patre et filio non sicut
434 1330 1175 1378 a duobus principiis Sed sicut ab uno
431 1381 1187 1429 principio et non duabus spirationibus
434 1429 1181 1474 sed una. ut habetur de sum. tri. et fide ca.
434 1474 1181 1535 li. vi. c. i. Et hanc confessionem fecerunt legati
443 1541 1175 1571 Michaelis imparatoris grecorum et re-
434 1583 1172 1637 ceperunt ac reversi publicarunt in populis
410 1646 1175 1688 decantantes simbolum latinum scilicet in
419 1703 1181 1742 spiritum sanctum qui ex patre filioque pro-
428 1754 1160 1790 cedit unde ex hoc simbolo Niceno nihil
425 1793 1169 1851 additur. Sed potius fit declaratio veritatis
423 1859 1176 1897 x Et sic quamvis ecclesia orientalis in u-
419 1914 1174 1963 nione permanebat tamen non deerant. qui con-
423 1970 1157 2010 tradicerent unioni. alii palam alii occute.
429 2023 1155 2070 Tamen imparator multos hereticos
429 2078 1169 2116 obstinatos tales abbates et monachos
434 2121 1169 2161 occidi fecit alios mergi. qui nec rationi
434 2171 1167 2235 bus nec autoribus sanctorum valebant
1230 310 1979 361 a sua pertinacia revocari. quo etiam Ioseph
1238 371 1971 413 patriarcham Constantinopolitanum here-
1230 417 1966 470 ticum depositum eiecit et privavit sede illa
1228 474 1964 510 et Ioannem dictum vechum hominem Ce-
1230 516 1954 566 tholicum in sede collocavit. Et sub eius vita
1226 577 1614 621 tota duravit unio.
1356 642 1851 707 Undecima divisio
1230 740 1945 776 Cepit per Andronicum filium Michaelis im-
1230 787 1956 822 paratoris. qui una cum patre in imperium
1228 831 1952 891 coronatus fuit ubi Gregorio decimo iu
1226 894 1952 948 raverat de fidelitate fidei er obedientie.
1228 946 1950 994 Romane. patre tandem mortuo solus gu
1236 1000 1954 1045 bernavit imperium homo pusillanimis timi-
1241 1055 1952 1110 dus et perversus. qui fratrem anhelantem ad im-
1217 1110 1943 1145 perium et grecorum a se defectionem ad eum
1241 1183 1947 1219 metuens eum incarceravit. Et animadver
1234 1219 1950 1256 tens grecos in unione fidei. et Romane
1234 1263 1947 1330 obedientie vacillantes ac de defectionem pa
1234 1330 1935 1368 ratos. congregatis omnibus in ecclesia maiori
1243 1368 1956 1428 sancte Zophie Constantinopoli contra
1232 1443 1956 1481 Iuramentum factum ecclesie Romane palam
1231 1489 1954 1529 dixit. vobiscum tenui super teneboque. fidem an
1238 1531 1947 1582 cessorum nostrorum profitendo de processione
1238 1589 1933 1636 spiritus sancti a solo patre y Patri-
1238 1643 1935 1694 que suo defuncto maledixit voce alta et
1236 1696 1940 1743 anatematisavit eum cum omnibus. qui fide
1217 1750 1940 1811 sibi adherebant. Cuius incitatione greci
1217 1813 1930 1857 reversi ad usitatum vomitum divisi sunt ab
1203 1867 1942 1899 ecclesia Romana a Sed vindice deo
1220 1915 1956 1976 quod miser et ignarus metuebat evenit.
1250 1981 1951 2016 Namque vecorida sua imperium pene totum
1231 2025 1944 2065 amisit b Thurci namque totam sub eo
1217 2076 1940 2121 minorem asiam rapuerunt. Et citra marina
1227 2125 1940 2179 dominia vastarunt aliis quoque civita-
1208 2193 1942 2230 tibus iam a thartaris ia etiam a variis Ti-
