2081 2783
558 168 1561 230 Tractatus Secundus
392 295 1175 349 passam dicebat et tenuit sedem annis
402 356 1158 399 sex. Et sic hec scissio duravit annis. 45.
401 402 1167 453 usque ad tempora Iustini imparatoris
401 459 1160 503 catholici. qui succedens Anastasio Io
397 510 1153 554 annem Thimoteo mortuo in Constan
397 571 1140 607 tinopolitana ecclesia sedem fecit et sic ec-
394 614 1157 667 clesiam orientalem cum occidentali u-
406 679 1157 718 nivit. Que unio duravit ad tempora Iu-
406 728 1085 786 stini imparatoris et Agapiti pape
552 841 1006 899 Quinta divisio
389 967 1149 1008 Fuit circa annum domini. quingentesimum
402 1010 1143 1060 octogesimum. tempore pape Pelagii
396 1069 1147 1124 et imparatoris. Mauricii. que venit ex
408 1128 1151 1177 fastu et superbie tumore cuiusdam Io
415 1183 1151 1230 annis Constantinopolitano Episcopi
410 1236 1143 1287 qui se pro papa universali gessit. et se papam
396 1295 1149 1346 universalem appellavi fecit dicebat enim
408 1346 1149 1390 que civitas imperialis debet esse etiam
402 1399 1149 1450 sedes pontificis supremi. quemadmodum
417 1452 1145 1494 Roma fuerat ante. unde non ex aliqua
415 1503 1145 1539 heresi. Sed sola superbia hec scissio pro
427 1556 1151 1600 venerat. unde Pelagius papa corripuit
421 1609 1145 1661 eum Epistolis suis et frivolam eius ra
421 1676 1166 1708 tionem elisit. Similiter beatus Grego-
419 1721 1162 1761 rius primus qui Pelagio Anno domini
419 1771 1174 1816 790. successerat scripsit ei et imparatori
413 1828 1153 1865 Mauricio suam superbiam redarguens
427 1884 1157 1924 ut patet in Regestro. suo et dis. 99. ca.
430 1936 1160 1974 Nullus. et ad suppremendam tam te-
416 1986 1166 2037 meram superbiam suam humilitatis titulum
408 2048 1156 2090 sibi apponens se in litteris omnibus
422 2098 1170 2138 servum servorum dei intitulare cepit. -
418 2149 1160 2201 Quem usque modo sequuntur omnes Ro-
412 2212 1160 2260 mani pontifices. licet quidam putent
1206 296 1943 348 Damasum papam hunc primum titulum
1206 350 1943 392 assumpsisse et ab aliis successoribus fuisse
1208 411 1934 449 pretermissum donec a beato Gregorio
1200 465 1936 516 continuaretur. hec divisio pauco tem-
1200 518 1926 568 pore duravit quia mortuo Ioanne suc-
1206 582 1932 605 cessor eius in illa elatione non perstitit.
1208 620 1945 668 Sed ad ecclesiasticam unionem accessit
1202 681 1939 721 Quibus temporibus fuit s Arte-
1202 731 1930 777 nius hereticus episcopus Constanti-
1189 783 1930 823 nopolitanus qui dogmatisabat unam
1194 838 1941 880 tantum fuisse in christo voluntatem et ope
1202 896 1947 942 rationem. quem papa Pelagius veniens
1193 951 1938 995 Constantinopolim eiecit de sede et sub
1204 1007 1936 1039 eisdem temporibus quinta sinodus ce-
1198 1053 1943 1093 lebrata est auctoritate pape vigilii im-
1193 1104 1606 1164 parante Iustiniano
1375 1219 1778 1280 Sexto divisio
1207 1325 1961 1385 Fuit et cepta est Sergii pape et Heraclii
1209 1401 1946 1441 imperatoris temporibus Anno domini
1207 1451 1950 1492 Sexingentesimo octogesimo et duravit
1205 1509 1954 1544 annis. lxv. fere usque ad tempora Agapiti pape
1213 1561 1963 1600 et Constantini quarti imparatoris ca
1199 1616 1961 1652 tholici. filii Constantini tercii omnium
1193 1664 1957 1707 imparatorum pessimi. Ex heraclio ge-
1197 1712 1950 1749 niti. qui papam Martinum ab urbe Con-
1215 1753 1961 1803 stantinopolim tractum damnavit exi-
1207 1813 1956 1857 lio in Cersonam. ubi loci et beatus Cle
1203 1871 1946 1921 mens exulabat. quam divisionem et scis
1207 1927 1948 1972 sionem fecit t Sergius episcopus
1209 1977 1963 2028 Constantinopolitanus hereticus. qui
1211 2033 1954 2078 similiter ut Artenius tenuit unam vo-
1218 2084 1956 2121 luntatem et operationem fuisse in christo et
1205 2140 1956 2179 pertinaciter stetit sub inobedientia cum aliis sex
1213 2192 1942 2256 episcopis videlicet piro paulo petro toma piro
