2806 3690
393 200 2467 577 Kazimirus Dei gracia Rex Polonie Magnus dux Lithwanie et heres Russie Significamus
664 391 2481 523 tenore presencium quibus expedit universis Quomodo cupientes loca Regni nostri hostium incursibus vasta
660 458 2475 569 ta hominum affluencium adimplere Ipsa quoque ad resistendum Emulis nostris populosa multitudine
590 525 2525 641 gencium instaurare Consideratisque fidelibus servicis et constantis fidei meritis nos nobilis
527 592 2447 693 Nyeron quibus nostre complacuit majestati horum intuitu volentes ipsum nostris prosequi favoribus
557 654 2478 778 et ad servicia nostra facere promciorem Sibi et suis successoribus legittimis In et super vastitate
548 719 2439 816 dicta Sticzowo in fluvio Ladawa in terra Podolye et districtu Cameneczensi sitis
551 776 2539 890 Quiquaginta marcas monete Cracoviensis et numeri Polonicalis soliti puta marcas pro qualibet
537 843 2412 960 quadraginta octo grossos numerando dedimus donavinus donamusque damus inscribimus per
562 899 2528 1028 presentibus et largimur graciose Cum omni jure et dominio Ac cum omnibus et singulis
559 965 2463 1081 utilitatibus fructibus proventibus universis Ad prefatam vatestatem spectantibus puta Campis
570 1035 2531 1156 Agris pratis Silvis Borris Gaiis Nemoribus Sareptis Indaginibus Mellificis fluviis
562 1100 2514 1211 fluminibus lacubus Staugnis paludibus piscinis piscaturis Rippis Rq Riwulis Torrentibus
549 1169 2513 1276 Agris et earum decursibus molendinis faciendisque et eorum emolimentis per ipsum Neron
581 1229 2433 1346 et suos legittimos successores habendum tenendum utifruendum ac pacifice possidendum
560 1287 2466 1401 Tamdiu donec prefate Quinquaginta marce sepefato Neron et successoribus legittimis
549 1361 2480 1453 plenarie et integre fuerint persolute Quibus exolutis possessio vastitatis predicte
572 1399 2489 1513 aut ville in ipsa locande ad nos aut nostros sucessores dewolvetur ac redunda
561 1477 2454 1583 bit pleno jure Ita tamen quod prefactq prefatus Neron et sui legittimi sucessores semper
558 1524 2462 1632 residenciam facere tenebuntur Casu vero quo prefatus Neron personaliter non residerent
543 1583 2432 1680 Extunc ipsa bona dicta ipso facto ad nos et nostros sucessores dewoluentur et de eis
537 1655 2397 1752 poterimus disponere prout nostre placebit majestati Eciam prefatus Neron et sui sucessores
551 1712 2526 1806 legittimi ad resistendum inimicis consurgere debent tenebuntur et erunt astricti tociens quociens
556 1780 2492 1869 fuerit oportunum juribus tamen nostris Regalibus semper salvis in omnibus harum quibus Sigillum
482 1835 2408 1946 nostrum presentibus est appensum testimonio litterarum Actum et datum in Kamyenecz feria tercia infra
561 1895 1962 2006 octavas Asupcionis Marie Anno Domini millesimo quadringentesimo quadragesimo octavo
1584 2093 2448 2199 Relacio magnifici Johannis de Conyeczpolye
1612 2183 2292 2320 Regni Polonie Cancellarii
