1752 2641
84 180 1184 279 Posteriorum Fo. CXLI
76 265 1177 367 quidem igitur non est diffinitio omnis cuius est demonstratio ma
79 359 1175 465 nifestum est ex autem cuius est diffinitio numquam omnis demonstratio est
83 456 1187 561 aut non. Una quidem videtur ratio et de hoc eadem est. Unius enim
87 551 1183 654 inquantum unius una est scientia. quare si vere scire demon-
75 643 1179 752 strabile est. est scientiam habere. accidet quoddam impossibile. Dif-
77 739 1183 851 finitionem enim habens sine demonstratione sciet. Amplius prin-
79 836 1185 946 cipia demonstrationum diffinitiones sunt quorum non esse de
87 930 1187 1043 monstrationes monstratum est prius. Aut enim demonstrabilia
83 1025 1179 1145 principia et principiorum principia et hoc in infinitum abibit.
83 1119 1173 1242 Aut prime diffinitiones erunt indemonstrabiles. Sed utrum
83 1212 1175 1339 sin non omnis eiusdem sed alicuius eiusdem sit diffinitio et demon-
89 1310 1177 1435 stratio simul autem impossibile. Non enim est demonstratis cuius
87 1403 1181 1532 est diffinitio. Diffinitio quidem ipsius quod quid est substan-
75 1494 1183 1627 tie est demonstrationes autem omnes videntur omnes supponen-
77 1593 1177 1722 tes. et accipientes quod quid est ut mathematice quid unitas
85 1691 1181 1820 quid impar et alie simul. Amplius omnis demonstratio ali-
82 1786 1183 1916 quid de aliquo demonstrat. ut quia est aut non est. In diffi-
78 1899 1179 2006 nitione autem nihil alterum de altero predicatur ut neque animal de
1024 2012 1169 2051 DDd ii
