1744 2626
704 219 1560 257 Liber Primus
578 271 1680 330 stellis nebulosis maxime his qui sunt de natura martis et lune quam
584 310 1684 373 in his est contraria natura tunc homo fit cecus ut ostendit Ptholomeus tercio
582 356 1682 417 et quarto quadripertiti. Secundo sensus patet deficere in nobis post nativita-
582 401 1680 461 tem ut qui est primus videns et postea fit cecus. de primo modo loquitur Ari-
580 444 1676 504 stotiles et non de secundo. Sic similiter dicendum est de surdo et muto. Istis
577 508 1035 545 notabilibus sic stantibus est
584 517 1664 635 Conclusio responsalis Deficien
574 624 1684 688 te in nobis aliquo sensu a principio nativitatis necesse est deficere in
570 670 1682 731 nobis scientiam de sensibilibus illius sensu. ut si quis cecus a natura et na-
576 715 1676 775 tivitate non habet scientiam de coloribus que sunt sensibilia pertinentia ad visum
578 755 1680 819 obiectum enim visus est color secundo de anima. Veritas huius conclusionis
594 814 1097 858 patet ex notabili quarto.
538 826 666 882 A
571 842 1680 904 rguitur primo. Deficiente in nobis aliquo sensu non est necesse defice
576 887 1676 950 re in nobis scientiam de sensibilibus illius sensus. probatur. et deficiente aliquo sensu ad
570 932 1672 993 huc rerum species intelligibiles manent in intellectu quemadmodum species
570 973 1678 1036 rerum sensibilium manent in memoria ergo deficiente sensu non oportet de
568 1041 1230 1077 ficere scientiam de sensibilibus illius sensus.
552 1083 653 1147 A
576 1062 1676 1124 rguitur secundo. Deficiente in nobis aliquo sensu etiam a principio na-
567 1102 1672 1168 tivitatis non est necesse in nobis deficere scientiam de sensibilibus illius
568 1147 1672 1212 sensu. probatur. deficiente causa per accidens non oportet effectum deficere. sed
564 1194 1664 1255 sensus est causa per accidens scientie agitur. Maior est Aristotilis secundo phsicorum
568 1233 1672 1299 Causa enim per accidens non requiritur per se ad effectum. immo causa per accidens
564 1277 1670 1341 nihil influit in effectum sive enim domificator sit musicus. sive non eque be
566 1320 1662 1384 ne domificator facit domum. Minor est nota ex primo huius sylogismus
568 1365 1664 1428 enim demonstrativus per se facit ad scientiam. sensus autem et que sensu ca-
562 1406 1668 1473 piuntur non ingrediuntur demonstrationem. ¶ Dico que causa per accidens est du
562 1451 1662 1517 plex quedam est causa per accidens. que nihil penitus facit ad effectum qui posi
568 1493 1662 1560 ta sive non posita eque bene fit effectus et sic sensus non est causa scientie
560 1536 1662 1604 Alia autem est causa per accidens secundum certum modum ut est causa preparans vel
558 1578 1666 1648 predisponens ad aliquem effectum. vel consilians. que dicitur per accidens pro tanto.
568 1620 1662 1692 et habet ordinem ad causam principalem. sicut instrumentum ad illud cuius est in
564 1664 1662 1735 striumentum. et tali causa remota non fit effectus. et hoc modo sensus habet se
556 1741 963 1774 ad acquisitionem scientie.
548 1789 639 1848 A
562 1752 1660 1823 rguitur tercio. Si conclusio esset vera. sequeretur que de rebus metha-
566 1794 1654 1870 phisicis et mathematicis nullam scientiam haberemus. quod est falsum.
562 1837 1660 1912 patet primo de rebus methaphisicis Aristoteles enim in. xii. methaphisice tra
556 1883 1652 1956 didit scientiam de substantiis separatis. et de rebus mathematicis traditur
564 1930 1652 2003 scientia in geometria et arithmetica. probatur sequela et sensu nunquam
