1738 2626
854 202 1557 249 Liber Primus
563 258 1680 315 per medium quod est eiusdem predicamenti cum extremis. animal enim est in eodem pre-
566 305 1676 357 dicamento cum homine sed cum sic arguitur. Nullum risibile est substantia omnis hoc est
574 346 1678 401 risibilis ergo nullus hoc est substantia Hic medium scilicet risibile licet converte
574 389 1676 445 tur cum homine tamen est alterius predicamenti et qualitatis. Pro intelligentis
566 435 1674 489 huius regule secundum Egidium. Medium proprium est quod est de eodem genere cum ex-
570 474 1678 532 tremis ut si animal est medium respectu substantie et hominis. sed medium simile propositio
570 519 1670 575 quod non est in eodem genere cum extremitatibus tamen et universaliter predicatur de minori
572 562 1676 618 extremitate et de ipso. Maior extremitas. predicatur universaliter ha-
566 602 1680 662 bet similitudinem cum medio proprio ut gradiens respectu hominis et substantie. Me
570 645 1678 705 dium autem extraneum est quod nec habet se ut proprium nec vt simile proprio ut lapis
574 688 1674 749 lignum respectu hominis et substantie. ¶ Secunda regula propositio negativa mediata fal
576 735 1670 791 sa est sylogisabilis in prima figura per medium extraneum solum minori ex
568 776 1678 834 tremitati. qualibet premissarum necessario exeunte falsa. ut nullus lapis est
566 821 1674 878 substantia. quilibet homo est lapis. ergo nullus homo est substantia. ¶ Tercia regula pro
568 863 1670 921 positio negativa falsa mediata est sylogisabilis in prima figura per me-
574 903 1680 966 dium extraneum maiori extremitati. maiori exeunte vera et minori falsa. ut
574 946 1672 1010 hic nulla albedo est substantia. quilibet homo est albedo ergo nullus homo est substantia:
570 989 1672 1055 ¶ Quarta regula propositio negativa mediata falsa non est sylogisabilis in
568 1033 1674 1098 secunda figura ambabus premissis falsis in toto patet et non est reperibile aliquod
570 1076 1674 1142 medium quod insit universaliter contento cuilibet extremitati sub una extremitatum
570 1119 1674 1185 et universaliter remotum ab alia sed tamen ambe premisse possunt esse false. sed ma-
574 1165 1668 1228 ior in parce solum ut hic nulla substantia est lapis. omnis hoc est lapis. igitur
572 1202 1678 1271 nullus homo est substantia. ¶ Quinta regula propositio negativa mediata
570 1248 1670 1314 falsa est sylogisabilis in secunda figura una premissarum existente vera et al
566 1287 1680 1358 tera falsa indifferenter. Exemplum ubi maior est falsa et minor vera. ut
576 1330 1668 1403 hic omnis substantia est albedo. nullus hoc est albedo. igitur nullus hoc est substantia
574 1375 1670 1448 Exemplum ubi maior vera et minor falsa ut hic nulla substantia est albe-
573 1453 1427 1487 do. quilibet homo est albedo ergo nullus hoc est substantia.
573 1500 1672 1587 Notandum quinto Aristotiles
574 1554 1674 1636 probat consequenter in textu quomoo propositio affirmativa mediata falsa est sylogisabilis
566 1598 1674 1682 in prima figura tamen per sylogismum ignorantie patet de ista omnis superficies est co
576 1637 1678 1726 lor. que est affirmativa falsa et mediata cum tam subiectum quam predicatum sit
566 1683 1670 1770 in aliquo toto et sylogisatur sic omnis quantitas est color omnis superficies est quan-
562 1727 1668 1813 titas igitur omnis superficies est color. Et ponit Aristoteles quatuor regulas.
570 1769 1668 1858 ¶ Prima propositio affirmativa mediata falsa est sylogisabilis in prima fi
570 1810 1670 1903 gura per medium proprium. solum maiori exeunte falsa. ut hic omne animal est albe
576 1854 1670 1945 do omnis hoc est animal ergo omnis hoc est albedo hic medium scilicet animal est eius-
568 1900 1670 1986 dem predicamenti et generis cum minori extremitate scilicet homo. ¶ Secunda re
