1728 2685
142 197 1207 301 Posteriorum Fo. CXVI.
99 283 1219 391 hoc autem est principium. Si igitur que est ex principio est
99 374 1213 490 potior ea que non est ex principio et que magis est ex princi-
97 470 1201 587 pio ea que minus est certior est demonstratio. Est autem hu=
103 563 1203 681 iusmodi universalis. magis dignior utique magis universalis
93 656 1217 779 erit ut si oportet demonstrare a de d media sunt in quibus est
95 754 1199 878 b. c autem magis sursum sit b quare si per b universale magis
97 849 1217 975 est demonstratio universalis autem homini dignior est particu-
103 950 1189 1069 lari sed eorum que dicta sunt quedam logica sunt. Maxime
93 1041 1189 1170 autem manifestum est que universalis magis propria sit quam pro-
99 1139 1191 1265 positionem hanc quidem habentes priorem scimus. quodammo-
95 1233 1207 1363 do et posteriorem et habemus potentia. ut si aliquis cognoscit
93 1329 1205 1460 quia omnis triangulus habet tres equales duobus rectis. sci
89 1423 1193 1558 vit quodammodo et que equitibiarum que duobus potentia
85 1518 1199 1653 sit. Et si non cognouit que equitibiarum triangulus sit Hanc au
85 1615 1191 1747 tem habens propositionem universalem autem nullo modo co-
91 1713 1191 1845 gnovit neque potentia neque actu. Et universalis intelligibilis est
89 1809 1171 1943 sed particularis in sensu perficitur. Ex quidem igitur universa
82 1899 910 2041 lis dignior sit particulari tot modis dicta sunt.
