1734 2655
114 202 1174 271 Posteriorum Fo.CX.
79 258 1185 329 Utrum determinatis extremis demonstratonis possibile sit media
85 302 1175 374 esse infinita. Pro intellectione questionis mote: Notandum est primo
78 346 1179 418 Que postquam Aristotiles determinavit de sylogismo generante scientiam. et
85 388 1183 462 etiam de sylogismo generante ignorantiam. Iam consequenter determinat de processu
77 429 1177 505 et quiditate sylogismi demonstrativi. Et primo ostendit quam in demonstra-
81 472 1171 549 tionibus non contingit procedere in infinitum per predicata quiditativa. Secundo
85 516 1179 592 ostendit qumodo non contingit procedere in infinitum per predicata substantialia. Ter-
77 557 1177 636 tio quomodo non per predicata accidentalia. Quarto ostendit que nullo modo et probat per
81 600 1171 679 rationes demonstrativas et analecticas Ponit ergo aristotiles in primis
85 645 1177 723 quasdam suppositiones Prima est ista omnis sylogismus est ex tribus terminis.
81 686 1177 766 maiore extremitate. minore et medio ut ostensum est in primo priorum
82 729 1175 809 ¶ Secunda suppositio necesse est aliquam demonstrationem esse resolubilem in
87 772 1175 853 immediata ratione utriusque premissarum. patet se ista omne corpus animatum est substantia
87 815 1183 897 omnis homo est corpus animatum. ergo omnis homo est substantia. Maior sic resoluitur ad
89 859 1181 939 immediata omne corpus est substantia. omne corpus animatum est corpus, ergo omne
85 900 1171 982 corpus animatum est substantia. Minor vero sic resolvitur. omne animal est corpus anima-
87 943 1177 1025 tum. omnis homo est animal. ergo omnis homo est corpus animatum. ¶ Tertia sup-
91 988 1175 1069 positionem necesse est demonstrationem procedere ex immediatis secundum veritate-
85 1030 1175 1112 Unde per hoc differt demonstrator a dyalectico. et dyalectius procedit ex im-
83 1070 1179 1155 mediatis secundum apparentiam Sed demonstrator procedit ex immediatis secundum
89 1115 1175 1197 veritatem. ¶ Quarta suppositio omnis demonstratio est ex his que per se sunt
85 1156 1177 1241 et non per accidens. ut probatum est ante. Istis suppositionibus habitis aristotiles
91 1200 1175 1285 in textu movet tres questiones. ¶ Prima utrum contingat procedere in infi
89 1243 1175 1327 nitum in sursum in demonstrationibus incipiendo a minori extremitate.
91 1286 1177 1371 ut posito que socrates sit terminus de nullo predicabilis non habet enim infe
89 1326 1175 1416 rius et de socrate dicitur homo. et de homine animal. et sic in infinitum ascendendo
87 1371 1177 1459 in predicatis quiditativis et magis communioribus virum ergo sit dare sta
85 1413 1169 1503 tum in aliquo predicato quiditativo sic que tale non habeat inferius aliquod
83 1454 1169 1546 ¶ Secunda questio quam aristotiles movet in textu est utrum incipiendo a ma
86 1497 1163 1590 iori extremitate sit procedere in infinitum deorsum descendendo. verbi
89 1544 1167 1633 gratia. ut substantia est predicatum quod non habet superius univoce. sub quo corpus
83 1582 1171 1677 sub corpore corpus animatum. sub quo animal. et sic descendendo usque ad indi-
89 1628 1167 1720 vidua utrum ergo alicubi sit status vel sit processus in infinitum. ¶ Tertia
91 1669 1171 1764 utrum dato statu in extremis utrum sit procedere in infinitum in mediis.
91 1712 1171 1808 ut verum inter infimum ut fortes et supremum ut substantia sit dare infinita
89 1753 1173 1852 media vel non. Et aristotiles ostendit que iste questiones sunt necessarie. ad
86 1796 1163 1896 sciendum utrum demonstrationes procedant in infinitum. in predicatis quiditati-
90 1841 1170 1941 vis. Si enim procederetur in infinitum tunc nihil sciretur. Infinitum enim secundum que
82 1881 734 1985 infinitum est ignotum ut ostenditur primo phisicorum.
1045 1950 1151 1983 XX 3
