1753 2637
748 159 1547 253 Liber Secundus
578 231 1689 345 vere sit magis. proprium habitis rationibus dubitabit utique
576 320 1692 442 aliquis. Utrum sit idem et secundum idem scire diffinitio-
584 418 1696 538 ne et demonstratione aut impossibile. Diffinitio enim quod
578 510 1700 636 quid est scire videtur. que quid est autem omne universale est
588 607 1706 732 er predicativum est Sylogismi autem sunt alii quidem pri-
582 704 1699 827 vatius. Alii autem non universales. puta qui quidem in se-
586 797 1702 925 cunda figura privatim omnes sunt In tertia vero non uni-
588 895 1696 1022 versales. Postea neque eorum qui sunt in prima figura om-
588 982 1712 1119 nium est diffinitio. ut quando omnis triangulus duobus re
600 1077 1712 1216 ctis equales habet tres. Huius autem ratio est quoniam scire
594 1173 1710 1311 demonstrative est demonstrationem habere. quare si in talibus
600 1267 1713 1405 demonstratio est manifestum que ipsorum non erit diffinitio. scit
600 1364 1708 1505 enim utique aliquis secundum diffinitionem non habens demonstra
604 1459 1714 1602 tionem. Nihil enim prohibet non simul habere Sufficit au-
604 1552 1710 1700 tem fides ex inductione Nihil autem aliquando diffinientes
602 1649 1700 1799 cognoscimus neque eorum que per se sunt neque que secundum acci-
602 1739 1709 1896 dens. Amplius si diffinitio substantie alicuius notificatio est
604 1837 1707 1993 huiusmodi manifestum est que non sunt substantie. Quoniam
