1699 2675
65 187 1135 276 Posterioru~ Fo. CLXXXII
65 259 1139 341 monstraretur per difinitionem. sed pro tanto et per divisionem inquiritur genus pro
67 298 901 385 ximum et doctrina convertibilis que ingrediuntur definitonem rei.
59 369 117 418 A
69 343 1139 429 rguitur tertio. Ex processu aristotilis sequitur que animal gressibile
68 393 1141 472 bipes non esset definitio hominis. quod est contra Aristotilem prim topicorum
71 435 1137 516 .vii. topicorum. et in multis locis patet sequela et bipes non est doctrina pro-
71 482 1139 558 pria hominis. convenit enim multis brutis et tamen bipes via divisionis in
69 522 1145 602 quiritur. ¶ Hoc argumentum soluit Paulus e venetiis et dicit que si
65 566 1139 646 bipes accipitur ut doctrina essentialis hominis. tunc hec predicta divisio bo-
69 612 1143 689 na est. si autem accipitur bipes ut est doctrina communis conveniens homini et bru
71 656 1147 733 tis aliquibus. tunc hec definitio non est bona. sed deberet sic dici. homo est
66 693 591 776 animal gressibile bipes non alatum.
59 756 114 818 A
77 741 1145 821 rguitur quarto. Non est facilius diffinire singulare quam universale. igitur
71 789 1139 864 probatur et singulare non est diffinibile. probatur et nihil diffinitur
71 828 1143 909 nisi species. modo singulare non est species. Maior est Boe. in libro diffi-
71 870 1141 953 nitionum Minor patet quia singulare et universale sunt opposita. ut dicitur pri-
71 913 1147 996 mo huius et etiam singulare non est scibile sed diffinibile est scibile sin
73 962 1133 1041 gularia enim relinquenda sunt ab arte dicit porphirius. ¶ Dico verum ar
71 1004 1141 1084 gumentum concluderet si per singulare intelligeretur singulare quod est indi
65 1044 1137 1127 viduum. sed per singulare intelligitur minus commune quo modo species est singula-
71 1087 1143 1170 re respectu generis. ¶ Sequitur correlarie primo que definitio subiecti contra-
67 1128 1141 1214 rio modo investigatur respectu definitionis ipsius passionis. patet et definitio subiecti
65 1170 1141 1258 investigatur via compositionis. descendendo a magis communi ad minus commune. sed
73 1216 1133 1302 definitio passionis investigatur ascendendo via resolutionis resolvendo a minus
65 1261 1141 1344 communi ad magis commune. ¶ Sequitur correlarie secundo que nulla definitio debet dari per
71 1304 1143 1390 metaphoram patet et metaphora est quedam eqvivocatio modo definitio non est dan
69 1349 1143 1433 da per equivoca. etiam definitioo debet esse medium in demonstratione. metaphora autem
73 1393 1143 1477 est ex contingentibus et dubiis. et ergo definitio non est danda per metaphoram
77 1434 1149 1521 ¶ Sequitur correlarie tertio que hec definitio non valet hoc est arbor versa patet
71 1478 864 1565 quia homo dicitur arbor secundum metaphora et similitudinem.
69 1598 1159 1687 Ut habeamus autem proposita eligere oportet decisiones et di
63 1691 1153 1784 visiones Sic autem eligere subiectum genus commune omnius
66 1786 1155 1883 um consimilium ut si animalia sunt que considerantur qualia
65 1887 1153 1983 omni animali insunt Acceptis autem bis reliquorum omni
1054 1984 1152 2016 KK k
