1711 2650
83 94 1173 248 Posteriorum Fo. CLXIX
64 219 1155 350 circulo in quo c. a igitur rectam esse in c. que est in medio cir-
61 313 1160 450 culo causa b est. Hoc enim ipsi a equale est quod vero est c ipsi
69 415 1161 543 b duarum enim rectarum medium est Existente igitur medio
67 512 1161 634 duarum rectarum a in c est. hoc autem erat in semicirculo re-
66 605 1166 742 ctam huic autem idem est quod quid erat esse cum hoc
70 705 1160 834 significaret ratione Atuero et ipsius quod erat esse causa mo-
63 799 1160 931 strata est media Hoc autem propter quid medorum bellum
64 895 1164 1030 factum est athenis que causa est preliari athenienses quoni-
70 993 1145 1118 am in sardos commiserunt propter hoc enim motum est pri
64 1086 1160 1217 mum. Sit bellum in quo a. prius committens b. athenien
67 1185 1160 1319 ses c. est igitur b in c prius est committente atheniensibus
63 1282 1161 1414 a autem in c. debellant enim prius iniustos. est itaque in b a
69 1378 1167 1519 debellari prius incipientes b autem prius in atheniensibus
64 1473 1158 1606 prius enim inceperunt medium itaque hec causa est medium mo
63 1567 1145 1703 vens. Quorumcumque enim causa est propter aliquid ut propter quid
64 1665 1149 1806 ambulat ut sanus fiat. illud propter id quo salvet propter quid post
70 1762 1167 1896 cenam oportet ambulare cuius gratia oportet nihil differt am
72 1859 1167 2043 bulare post cenam in quo c non eminere cibos in quo b sanari
