1705 2637
709 172 1524 251 Liber Secundus
554 241 1652 349 Ipsius autem quod quid est utrum sylogismus sit aut est demonstra
546 340 1656 442 tio. aut non est sicut nunc ratio supponit Sylogismus quidem
548 431 1652 539 enim aliquid demonstrat de aliquo per medium. sed non quod
550 525 1658 636 quid est. proprium quidem et in eo quod quid est predicatur Hoc
552 636 1664 725 autem necesse est converti. Si enim c a proprium est manifestum
552 719 1652 828 est que et ipsius b. et ipsius c. quare omnia sunt adinvicem. At ve
554 811 1658 923 ro si in eo quod quid est. in c omni b et universaliter b de omni
548 910 1656 1023 c. in eo quod quid est dicitur Necesse est et a in eo quod quid
552 1007 1656 1119 est de c dici. Si vero non sic aliquis accipiat duplicans non
556 1103 1660 1215 necesse erit a de c predicare. in eo quod quid est. Si autem
556 1217 1662 1302 a quidem de b. in eo quod quid est. non de quibuscunque autem
550 1311 1656 1397 ipsum cb in eo quod quid est. ipsum autem quod quid utrumque hoc ha
554 1404 1659 1499 bebit. erit in eo quod quid est. Si igitur quod quid
556 1490 1656 1601 est. et quod quid erat esse. utrunque habent in medio erit. prius
546 1581 1665 1701 quod quid erat esse. omninoque si est monstrare. quid est homo sic
550 1678 1665 1796 c homo A vero quod quid siue animal bipes sive aliud quid
548 1774 1665 1893 Si ergo sylogisabitur a de c necesse est a de b omni predicari.
554 1871 1665 1991 Huius autem erit alia media ratio. et hoc erit quod quid est homo.
