1705 2673
68 209 1162 298 Posterioru~ Fo. CLVIII
69 272 1159 366 enim potest talis definitio concludi nisi per aliquam diefinitionem ut omne animal rationale est ani
75 317 1157 409 mal gressibile bipes in eo que quid est. dato que aimal gressibile bipes sit
71 360 1153 452 defnitio hominis. Item omnis numerus seipsum movens est causa sibi ipsi vivendi ineo
75 406 1162 497 que quid est. sed omnis anima est numerus seipsum movens in eo que quid est. er-
64 445 1153 539 go omnis anima est causa sibi ipsi vivendi in eo quid est. Utraque istarum consequentiarum
65 486 1157 583 est. bona sed cuiuslibet istarum minor petit principium et assumit id quod
71 532 1155 625 sed probare. ¶ Sequitur correlarie que iste definitiones anime hic allegate sunt da
65 572 1153 670 te secundum positionem Platonis. que dixit que anima esset numerus seipsum movens.
73 619 1153 712 et anima causa sibi ipsi vivendi. ¶ Sequitur correlarie secundo que definitio non postest
71 663 1155 754 concludi de suo diffinito in eo quo quid est. nisi sit propria. et sic definitio animalis
71 706 1141 800 non potest concludi de homine in eo que quid est. et hec definitio animalis non est propria ho
67 748 1111 843 mini. tamen eque bene ibi committeretur petitio principii et quidam circulatio.
73 843 1133 936 Notandum est tertio Que Ari
61 883 1149 986 stotiles consequenter probat que definitio non est probabilis de suo diffinito per sylogismum
67 930 1141 1029 divisivum. quam conclusionem aristotiles primo sic probat. propositio in qua definitio predicatur
71 974 1141 1072 de suo diffinito non potest esse conclusio in sylogismo divisivo. igitur. Antecedens probatur
69 1018 1147 1115 Nam ad probandum illam hoc est animal rationale fiunt duo processus. Primus est omne
61 1057 1149 1159 animal est animal rationale vel irrationale hoc est animal ergo hoc est animal rationale vel
61 1100 1149 1201 irrationale. Secundus processus est homo est animal rationale vel irrationale. sed homo non
59 1142 1141 1244 est animal irrationale ergo homo est animal rationale. patet que non concluditur definitio de suo
59 1184 1141 1289 diffinito. per primum processum sed per secundum processum que non est sylogisticus. sed
65 1232 1143 1334 ypoteticus arguens a toto disiuncto cum destructione unius partis ad alteram par-
67 1271 1141 1376 tem. Secundo arguit aristotiles sic Sylogismus divisivus est similis indu-
67 1317 1145 1420 ctioni. sed inductio non probat sylogistice aliquam conclusionem sed solum probat
63 1359 1143 1463 universalem propositionem que est premissa ad inferendam conclusionem. igitur sylogismus divisi
61 1400 1137 1507 vus non probat conclusionem in qua predicatur definitio de suo diffinito sed solum pre
63 1444 1137 1550 missam ad istam. Tertio arguit aristotiles sic Omnis sylogismus probans
59 1486 1125 1593 sylogistice aliquam conclusionem absolvit ab interrogatione illius conclusionis. sed sy
59 1527 1131 1636 logismus divisivus non absolvit ab interrogatione conclusionis. in qua predicatur
61 1570 1141 1682 definitio de suo diffinito. ergo diffinitio non est probabilis de suo diffinitio per
65 1615 1139 1723 sologismum divisivum. Maior et probata aliqua conclusione per sylogismum. illa am
67 1663 1135 1766 plius non dubitatur. Minor est nota et ista conclusa homo est animal rationale vel
59 1700 1133 1810 irrationale per sylogismum divisivum. adhuc dubitatur ista homo est animal rationale
57 1743 1133 1854 mortale et per consequens interrogatur de ea quousque per alium processum fuerit con-
59 1788 1135 1898 clusa. Quarto arguit aristotiles sic. Ita se habet sylogismus divisivus ad
65 1833 1141 1943 propositionem in qua definitio predicatur de suo diffinito sicut ad istam homo est animal gres-
63 1874 1127 1986 sibile bipes. sed ista non potest sylogistice probari per sylogismum divisivum. er-
58 1916 1133 2033 go nec alia. Tenet consequentia ex suffitienti divisione minor declaratur. Nam
