1734 2674
711 136 1518 271 Liber Secundus
545 243 1647 329 diffinitionem dicentem quid. sed per definitionem dicentem propter quid Eclipsis enim
548 292 1647 362 non demonstratur de luna per privationem luminis in luna. sed per interposi
545 331 1650 412 tionem terre inter solem et lunam. ¶ Sequitur correlarie que privatio luminis
543 374 1653 456 in luna est definitio eclipsis quid tamen. sed interpositio dyametrialiter terre
542 420 1649 497 inter solem et lunam est definitio eclipsis propter quid. Secundo aristo. probat
549 460 1655 543 que definitio passionis dicens tamen quid. est conclusio demonstrationis probat hoc sic tonitru
548 503 1655 585 enim habet tres definitiones. scilicet primam dicentem propter quid solum ut extinctio ignis in
543 548 1644 632 nube. secundam dicentem. quid tamen. ut sonus factus in nubibus. et tertiam dicentem
543 592 1643 672 quid et proper quid similis ut sonus factus in nubibus propter extinctionem ignis.
555 638 1650 713 ¶ Sequitur correlarie. Definitio dicens propter quid non est conclusio demonstrationis
543 677 1653 762 et est principium demonstrationis. Modo idem non est principium et concludio. Nec etiam
543 721 1647 803 definitio dicens quid ex propter quid. talis enim est tota demonstratio sola ordinatione
543 765 1649 845 terminorum differens. Concluditur ergo que demonstratio dicens quid tamen. est bene
542 808 1644 892 demonstrationis conclusio. ¶ Sequitur correlarie secundo que aristotiles dicens in
548 851 1650 940 textu que definitio passionis est indemonstrabilis non debet simplicter intelligi. et de-
542 897 1643 981 monstratur per definitionem subiecti. sed hoc debet intelligi que est indemonstrabilis scilicet
545 934 1653 1023 per definitionem que dicit quid est tamen. Definitio enim dicens propter quid demonstrat definitionem di
536 1005 1072 1057 centem quid tamen sed non econtra.
548 1042 1429 1161 Notandum secundo Pro intelli-
543 1118 1653 1206 gentia huius questionis mote de materia presentis questionis quatuor inve-
539 1163 1647 1249 niuntur positiones phisicorum quid scilicet sit medium in demonstratione potissima. Pri-
539 1210 1644 1287 ma positio est Egidii Romani heremite ordinis sancti augustini que te-
543 1253 1641 1334 net que in demonstratione potissima medium debet esse definitio passionis et non subiecti
543 1292 1641 1380 Et probat hoc primo sic. Demonstrationes mathematice sunt certissime et ma
536 1334 1644 1426 xime fatientes scire. ut dictum est in primo huius. sed scientie mathematice de
542 1378 1649 1467 monstrant per definitionem passionis et non subiecti. igitur. Minor probatur de ecli-
539 1423 1643 1509 psi que cum demonstratur de luna non accipitur definitio lune. sed definitio eclipsis pro me-
537 1463 1653 1556 dio. scilicet interpositio terre inter solem et lunam. Unde et aristotiles dixit in
531 1510 1649 1598 textu que in demonstratione potissima debet accipi definitio primi termini. Constat
540 1552 1644 1640 autem que primus terminus in demonstratione est passio. et non subiectum. Subiun-
537 1594 1638 1689 git. Egidius definitio etiam subiecti potest esse medium demonstrationis potissime inquan
534 1635 1649 1732 tum includit definitionem passionis. patet de definitione subiecti cuius una pars est essenti
537 1678 1644 1776 alis. et alia est passio subiecti. Unde circulus diffinitur per figuram planam una
536 1724 1643 1815 linea contenta equalis distantie a centro. prima pars diffinitionis circuli scilicet
536 1767 1643 1859 una linea contenta est definitio essentialis circuli. si enim una pars plus distat
536 1812 1643 1907 a centro quam alia non dicitur plana. Equalitas autem distantie a centro est passio
527 1855 1638 1950 circuli. Tertio dicit Egidius definitio subiecti vel aliquid loco eius. debet ingre-
534 1900 1637 2053 di demonstrationem potissimam. non tanquam medium. sed tanquam annexum me-
