1721 2644
714 139 1525 267 Liber Secundus
548 245 1663 356 re in quibuscunque predicantur de aliis differre manifestum enim quam
546 340 1663 446 si sic vadens veniat in hoc quorum non amplius est doctrina habe
552 430 1669 547 bit rationem substantie. Omne autem indicere in divisionem
534 522 1666 631 si sint opposita quibus nihil interest non est repetitio. Necesse
542 612 1673 728 enim est omne in altero ipsorum esse siquidem ipsius differentia est
542 705 1666 821 Ad probandum autem terminum per divisiones tria oportet con-
543 794 1663 910 secturari accipientem predicantia in eo quod quid est. et hoc or-
546 890 1665 1007 dinare quid primum aut secundum. et quam hec sunt. Est autem horum
542 990 1659 1104 unum primum per id quod possumus. sicut ad accidens collige-
536 1084 1665 1207 re quam est. et per genus probare. Ordinare autem sicut oportet
536 1180 1659 1297 si primum accipiat. hoc autem erit si primum accipiatur quod
543 1274 1663 1392 omnibus inheret illi autem non omnia. necesse est enim aliquod
527 1371 1659 1492 esse huiusmodi accepto autem hoc erit idem in omnibus infe-
530 1468 1663 1590 rioribus modis. Secundum autem aliorum primum erit et tertium ha
534 1558 1665 1689 bentium remoto autem quod est sursum continuum aliorum primum
532 1652 1657 1784 erit similiter autem est et in aliis Ex autem omnia hec sint ma
529 1758 1663 1884 nifestum est ex hoc quod recipimus primum quidem secundum divisio-
526 1846 1665 1997 nem quam omne est aut hoc aut illud. Est autem et iterum totius
