1705 2637
703 101 1523 254 Liber Secundus
549 231 1650 347 Ipsius autem quod quid est utrum sylogismus sit aut est demonstra
542 331 1655 438 tio. aut non est sicut nunc ratio supponit Sylogismus quidem
543 418 1650 547 enim aliquid demonstrat de aliquo per medium. sed non quod
546 517 1656 635 quid est. proprium quidem et in eo quod quid est predicatur Hoc
548 613 1663 732 autem necesse est converti. Si enim c a proprium est manifestum
548 711 1650 827 est que et ipsius b. et ipsius c. quare omnia sunt adinvicem. At ve
549 804 1656 922 ro si in eo quod quid est. in c omni b et universaliter b de omni
543 898 1655 1021 c. in eo quod quid est dicitur Necesse est et a in eo quod quid
548 999 1655 1126 est de c dici. Si vero non sic aliquis accipiat duplicans non
552 1097 1659 1215 necesse erit a de c predicare. in eo quod quid est. Si autem
552 1193 1661 1311 a quidem de b. in eo quod quid est. non de quibuscunque autem
546 1286 1655 1406 ipsum cb in eo quod quid est. ipsum autem quod quid utrumque hoc ha
549 1387 1658 1516 bebit. erit in eo quod quid est. Si igitur quod quid
552 1486 1655 1601 est. et quod quid erat esse. utrunque habent in medio erit. prius
542 1576 1663 1699 quod quid erat esse. omninoque si est monstrare. quid est homo sic
546 1670 1663 1796 c homo A vero quod quid siue animal bipes sive aliud quid
543 1766 1663 1898 Si ergo sylogisabitur a de c necesse est a de b omni predicari.
548 1864 1663 2011 Huius autem erit alia media ratio. et hoc erit quod quid est homo.
