1687 2662
72 191 1110 257 Posteriorum Fo. CXC
65 259 1155 329 habetur experimentum de reubarbaro quod est purgativum colere. Secundo
65 300 1143 373 aristotiles probat que ex experimento fit universale quiescens in anima unum preter multa.
65 343 1145 417 hoc probatur et habens experientiam de igne quod est calefactivus. et de alio
69 385 1135 460 igne similiter et que non datur instantia facit illam universalem omnis ignis est ca-
69 429 1147 503 lefactivus. habens experientiam de socrate colerico que est iracundus. et de
66 473 1147 547 platone colerico que est iracundus. neque datur instantia concludit hanc
71 517 1157 590 conceptionem et propositionem universalem omnis colericus est iracundus. propter sangui-
73 559 1155 634 nis calidi succensionem. habens experientiam que egritudo frigida curatur ca
69 601 1151 677 lido in multis que econverso egritudo calida curatur frigido in multis.
73 647 1153 720 facit hanc universalem. omnia contraria contrariis curantur. ¶ Sequitur correlarie que
75 690 1153 763 universale dicitur quiescere in anima et esse unum preter multa. et ex tali propositione universale
69 732 1155 806 generatur habitus qui est in anima quo intellectus prompte potest illam vel consimi
69 772 1141 851 lem infinities formare modo id quod est in anima est preter singularia.
79 866 1162 942 Notandum est tertio Que Aristoti
67 911 1155 990 les tertio probat que universale quescens in anima est principium artis et scientie
69 957 1155 1034 probatur et omnis ignis est calidus est quoddam universale quiescens in anima et hoc
69 998 1149 1078 est principium artis et scientie. igitur. probatur minor et cognita aliqua no-
75 1043 1157 1120 titia et est ex suis singularibus Intellectus discurrendo invenit causam predi-
81 1088 1161 1163 cati in subiecto qua causa inventa demonstrat illam universalem a priori. que
69 1126 1163 1207 prius solum erat nota a posteriori. Constat autem ut psius dictum est. scientia est
73 1170 1165 1251 habitus per demonstrationem acquisitus. similiter hec omnis colericu est iracun-
71 1212 1155 1294 dus. est universale quiescens in anima. ex multis experientiis in pluribus singulari-
77 1257 1163 1338 bus reperitur. tunc intellectus querit causam quam cum invenit. dicit que est ac-
79 1300 1163 1382 censio sanguinis circa cor. et arguit sic omne habens sanguinem accensum
77 1344 1153 1425 in corde est iracundus. omnis colericus habet sanguinem accensum in corde.
83 1389 1159 1469 ergo omnis colericus est iracundus. Quarto aristotiles probat que notitia
75 1431 1169 1512 principiorum non est nobis innata neque provenit ex aliquo certiori sed
81 1475 1169 1556 provenit ex notita sensitiua hoc patet ex his que dicta sunt tamen hoc ari-
83 1517 1159 1599 stotiles probat per quandam similitudinem in eversione machine una par
83 1561 1163 1644 te pugnantium qua devicta. Nam cum incipiunt fugari. multotiens acci-
85 1606 1167 1687 dit que ibi est aliquis animosus potius mori eligens quam turpiter fugere et
85 1649 1169 1730 tunc talis stat que resistat adverse postea venit alter adiungens se illi et
83 1689 1163 1776 sic deinceps usque tot aggregantur que faciunt principium belli. Sic ex sen-
83 1732 1167 1818 su et memoria unius particularis primo et postea alterius multotiens perve
83 1774 1165 1862 nit ad unum aliquod quod est principium artis et scintie. et sicut unus non sufficeret
85 1819 1169 1905 ad pugnam sed multi congregati sufficiunt sic una sensatio non sufficit ad
85 1862 1167 1949 faciendum memoriam nisi habere et vim multorum. sicut sunt illa que cum magna
90 1904 1168 1995 admiratione videmus. sed uni sensationi aggregatur altera. et postea alia
