1721 2644
716 182 1527 266 Liber Secundus
552 248 1664 359 re in quibuscunque predicantur de aliis differre manifestum enim quam
550 339 1664 450 si sic vadens veniat in hoc quorum non amplius est doctrina habe
556 426 1670 542 bit rationem substantie. Omne autem indicere in divisionem
538 519 1668 635 si sint opposita quibus nihil interest non est repetitio. Necesse
546 608 1674 727 enim est omne in altero ipsorum esse siquidem ipsius differentia est
546 701 1668 818 Ad probandum autem terminum per divisiones tria oportet con-
548 793 1664 911 secturari accipientem predicantia in eo quod quid est. et hoc or-
550 889 1664 1009 dinare quid primum aut secundum. et quam hec sunt. Est autem horum
546 988 1660 1106 unum primum per id quod possumus. sicut ad accidens collige-
540 1081 1666 1204 re quam est. et per genus probare. Ordinare autem sicut oportet
540 1178 1660 1300 si primum accipiat. hoc autem erit si primum accipiatur quod
548 1271 1664 1396 omnibus inheret illi autem non omnia. necesse est enim aliquod
532 1369 1660 1494 esse huiusmodi accepto autem hoc erit idem in omnibus infe-
534 1464 1664 1593 rioribus modis. Secundum autem aliorum primum erit et tertium ha
538 1559 1666 1690 bentium remoto autem quod est sursum continuum aliorum primum
536 1656 1658 1790 erit similiter autem est et in aliis Ex autem omnia hec sint ma
534 1756 1665 1888 nifestum est ex hoc quod recipimus primum quidem secundum divisio-
530 1848 1664 1982 nem quam omne est aut hoc aut illud. Est autem et iterum totius
