1740 2637
717 179 1537 244 Liber Secundus
558 251 1671 333 opinionibus diximus. Est autem quorundam quidem quedam
552 347 1668 432 altera causa. quorundam autem non est. diffinitiones quidem
556 443 1674 528 secundum species facte. nullum habent medium quo demonstren
542 536 1678 627 tur sed diffinitiones secundum materiam facte possunt habere me
548 638 1660 723 dium. Quare manifestum est quoniam eorum que sunt qui-
550 733 1660 820 dem. alia sine medio et principia sunt que et esse et quia sunt
542 829 1662 916 supponere oportet aut alio modo manifesta facere. quod vere
540 924 1668 1014 arithmeticus facit et nanque quid est unitatem supponit. et et
548 1021 1665 1110 est. sed habentium medium quorum est quedam altera causa
548 1118 1670 1206 substantie et ipsius esse est per demonstrationem sicut dictum est
545 1252 1365 1300 ostendere non quod quid est demonstrantes.
550 1287 1660 1357 ¶ Utrum quod quid est aliquo modo per demonstrationem possit ostendi.
550 1332 1656 1403 Pro intellectione huius questionis mote. Notandum est primo Que post-
552 1377 1654 1448 quam aristotiles disputative inquisivit qualiter cognoscatur definitio et signifi-
550 1419 1654 1492 catum eius scilicet ipsum que quid est. Nunc ergo declarat modum demonstrandi ipsum
544 1464 1652 1535 quod quid est et qualiter eius possit esse definitio et demonstratio. postquam manifesta-
548 1507 1650 1579 vit que eiusdem inquantum idem non est definitio et demonstratio. neque definitio est probabilis de eo
548 1549 1654 1622 cuius est per sylogismum vel demonstrationem in eo que quid est. Ideo circa easdem
550 1592 1648 1666 questiones absolute sumptas. videndum est quid bene dictum est et quid non bene et
546 1635 1652 1710 quid dicendum et maxime circa questionem que querit utrum ipsum que quid est sit demonstra-
546 1677 1656 1753 bile de eo cuius est in eo que quid est. Ad intelligentiam ergo istius aristo. in textu
546 1720 1654 1797 ostendit et probat tria. Primum aliqua definitio est demonstrabilis de suo diffinito per aliam
548 1763 1650 1841 ut definitio materialis demonstratur de diffinito per definitionem formalem ut aristo. facit
546 1806 1656 1884 secundo de anima ubi definitionem materialem animee scilicet anima est actus corporis organici philosphi
546 1850 1652 1928 ci vitam habentis in potentia. demonstrat de ipsa anima per definitionem formalem scilicet anima
548 1894 1650 1973 est quo vivimus sentimus movemur et intelligimus primum. Similiter tertio philosophi
