1740 2655
748 214 1564 261 Liber Secundus
580 269 1684 326 mo. Tenet consequentia et modus diffiniendi et modus demonstrandi sunt diversa
590 312 1684 370 instrumenta intellectus. quibus intellectus inquirit scientiam Unde et demonstratio et
592 355 1682 414 definitio sunt diuersi modi notificandi res. Definitio enim est sine discursu sylogisti-
594 396 1684 457 co. sed demonstratio est cum discursu sylogistico. Secunda ratio quam aristo. format
590 441 1680 501 est hec. Definitio est principium demonstrationis ut ostensum est prius. idem enim est medium et
588 484 1678 544 definitio. si ergo definitio est demonstrabilis aut ergo quodlibet vel aliquod non. Si quodlibet est
592 526 1682 587 demonstrabilis tunc erit processus in infinitum in demonstrationibus. si autem aliquod non
590 569 1680 631 habere propositum. Concluditur ergo que non omne diffinibile est demonstrabile. diffini-
584 610 1688 674 bile est species sed illud quod est demonstrabile non est species. igitur Maior est nota et est
592 655 1682 717 Boe. in libro diffinitionum. Minor et propria passio demonstratur de suo sub
584 723 1548 758 iecto et ipsa non est species. proprium enim et species sunt universalia distincta.
590 785 1688 852 Notandum est tertio Aristoti-
592 833 1688 899 les probat consequenter in textu que nullum diffinibile est demonstrabile. nec econverso.
590 880 1680 943 Hoc aristotiles probat tripliter. primo Non eiusdem est definitio et demonstratio. igitur
592 919 1686 987 Diffinibile non est demonstrabile nec econverso. Antecedens probatur. et definitio indicat
596 965 1676 1030 quiditatem rei et essentiam. sed demonstratio non ostendit quiditatem et essentiam rei. sed
584 1009 1674 1074 magis presupponit. igitur. Unde et commentator dixit. vii. methaphisice Definitio est ser
588 1048 1684 1118 mo quiditatis et essentie. Secundo arguit aristotiles. In qualibet demonstratione
586 1092 1682 1164 probatur aliquod de aliquo affirmative vel negative. sed in nulla definitione predica
592 1133 1684 1204 tur aliquid de aliquo affirmative vel negative. ergo nullum diffinibile est
594 1179 1678 1247 demonstrabile nec econverso. Maior est nota et in premissis similiter in conclusione pre-
594 1217 1690 1291 dicatur aliquid de aliquo. Minor et nulla definitio est propositio et nulla definitio significat esse
596 1261 1684 1333 vel non esse. ut ostensum est prius Tertio arguit aristo. sic. Definitio ostendit quid est sed
590 1306 1678 1375 demonstratio et est sed quid esset et est stꝛ distincta. igitur nullum diffinibile est demonstra
592 1346 1688 1419 bile nec econverso. Maior est nota questio enim quid est terminatur definitione et et est
592 1419 1578 1462 querit si predicatum inest subiecto quod demonstratur in conclusione.
585 1464 1692 1558 Notandum est quarto et ul-
588 1527 1688 1607 timo Que aristo. in fine probat que nulla definitio est demonstratio. nec definitio est pars de-
588 1571 1682 1650 monstrationis. nec tota demonstratio. probatue sic sicut se habet diffinibile ad demonstra
590 1613 1684 1695 bile sic definitio ad demonstrationem. sed definitio non est pars demonstrationis. nec tota demonstratio
592 1655 1682 1740 igitur. Maior ex convenienti similitudine et qualis est proportio rei scite ad rem sci-
584 1699 1682 1784 tam. talis est proportio modii sciendi ad modum sciendi. Minor et definitio non est propositio nec
586 1740 1682 1827 processus sylogisticus sed demonstratio est processus sylogisticus. et debet intelligi ut
590 1784 1682 1872 debet Egidius que definitio non est pars demonstrationis subiectiva. et definitio bene est pars materialis
590 1828 1682 1914 demonstrationis. Unde et dicitur secundo huius que definitio formalis esr principium demonstrandi
584 1869 1686 1957 definitionem materialem diffiniti de ipso diffinitio. ¶ Sequitur correlarie ex di-
582 1917 1684 2001 ctis que eiusdem non est definitio et demonstratio formaliter. sed bene materialiter patet et passi
