1716 2651
80 178 1163 246 Posteriorum Fo. CLXVIII
64 242 137 312 A
85 242 1161 316 rguitur tertio. Definitio subiecti non ponitur pro medio. igitur. probatur medi
87 287 1155 359 um in demonstratione potissima debet dicere essentialem causam passionis.
71 323 1157 404 sed definitio subiecti non dicit essentialem et propriam et proximam causam passionis. igitur.
69 366 1155 448 Maior et demonstatio est ex propria et proxima causa ut dictum est ante. Minor
75 413 1161 491 et definitio passionis est plus propria et proxima passioni quam definitio subiecti. ¶ Di
78 455 1157 534 co que argumentum non concludit et definitio subiecti et quiditas subiecti est etiam
75 500 1149 577 quodammodo causa essentialis passionis est enim causa eius per se et ipsum subie
78 539 519 619 ctum ponitur in definitione passionis.
50 601 124 654 A
74 584 1159 662 rguitur quarto. Definitio subiecti non debet esse medium in demonstratione potissi-
75 632 1157 706 ma. igitur. probatur et medium in demonstratione potissima vera positione
77 672 1159 750 debet esse medium. sed tale medium est definitio passionis. et non subiecti. igitur. Ma-
73 713 1153 794 iorem aristo. in textu. Minor patet definitio passionis est prior passione ex quo
67 753 1163 839 diffinit passionem et definitio est per priora. et ipsa passio est posterior subiecto et
73 800 1155 881 fluit ex principiis subiecti. ¶ Dico que argumentum bene concludit que non
73 844 1161 923 oportet definitionem passionis esse medium vera positione secundum ordinem subiicibilium
77 889 1163 966 et predicabilium. sed sufficit que mediat in ratione notificantis sic passio no
73 929 1163 1011 tiori modo dicatur de subiecto. ter medium notiori modo de subiecto quam pas-
77 959 377 1050 sio de subiecto.
59 1001 129 1051 A
92 1022 1161 1097 rguitur quinto. Definitio subiecti non est medium in demonstratione potissima.
71 1061 1151 1141 Probatur medium in demonstratione potissima debet esse immediata causa passionis
77 1105 1159 1184 que demonstratur de subiecto. sed definitio subiecti non est immediata causa. igitur
75 1148 1155 1227 probatur. et definitio passionis est immediata et propria causa ipsius passionis Plus enim
81 1189 1155 1271 immediate se habet definitio propria alicuius ad diffinitum quam definitio aliena. ¶ Dico
79 1232 1161 1316 verum argumentum concludit que definitio passionis est propria et immediata causa
71 1274 1155 1359 passionis non tamen est simpliciter prima. sed definitio subiecti est propria et prima si enim
70 1314 857 1401 passio dependet a subiecto tunc etiam definitio passionis.
59 1374 117 1427 A
79 1363 1165 1446 rguit sexto Definitio subiecti non est medium conveniens in demonstratione
81 1409 1161 1490 potissima. igitur. probatur medium in demonstratione potissima debet dicere
69 1448 1165 1533 quid et propter quid. sed talis definitio est definitio completa passionis que datur per princi
75 1493 1165 1576 pia subiecti et etiam passionis. igitur sola definitio subiecti non est medium suffi
73 1531 1155 1621 ciens. Maior est aristo. in textu. Minor est nota talis enim definitio completa
75 1576 1157 1663 dicit quid subiecti et propter quid passionis. ¶ Hoc argumentum soluit Paulus
79 1620 1165 1708 de venetiis et dicit verum arguit que medium potissimum debet dicere quid sub-
75 1664 1155 1751 iecti et propter quid passionis. et tale est definitio subiecti et non aggregatum
79 1707 1165 1795 ex principiis subiecti et principiis passionis. et non esset principium sim
80 1751 1025 1837 pliciter. quicquid enim se tenet ex parte passionis habet causam in subiecto.
57 1807 132 1851 A
133 1814 1171 1882 rguitur septimo. Passio non potest demonstrari de subiecto per diffi
72 1840 1159 1926 nitionem passionis. igitur. probatur demonstratione debet esse
76 1881 1159 1971 petitio principii. sed si passio demonstraretur de subiecto per diffinitionem
999 1983 1171 2015 GGg iii
