1740 2644
753 145 1538 279 Liber Secundus
570 252 1673 376 autem non fit. In quibuscunque igitur non fit aut omnino aut cir
562 349 1669 470 ca que non. non est in his cognitio ultra quam sentiunt In qui-
558 446 1670 562 buscunque autem est sentientibus habere unumquodque in anima
564 537 1675 662 Multis igitur factis homini iam doctrina que dum fit quare in his
565 631 1675 752 quandam est fieri rationem ex talium memoria in aliis vero non Ex
564 727 1682 846 sensu fit memoria sicut diximus ex memoria autem multotiens fa
562 819 1675 943 cta experimentum. Multe enim memorie experimentum est unum numero
555 918 1670 1034 et experimento autem omni quiescente in universali anima uno preter multa. quod
559 1007 1669 1125 cum in omnibus unum sit et idem illud est artis principium et scientie Sed
562 1101 1667 1222 quid circa generationem artis est si vero circa esse scientie. neque igi
556 1192 1676 1322 tur determinati habitus Neque ab aliis habitibus fiunt notiori
556 1294 1679 1417 bus. sed a sensu et in machine eversione ut uno enim stante al-
554 1389 1669 1511 ter stetit. postea alter quosque in principium veniat Anima autem
556 1479 1670 1606 cum homini sit qualiter possit pati hoc quod dictum est. Iterum
558 1577 1679 1708 dicamus stante enim uno indifferentium primum quidem universale in ani-
551 1664 1673 1797 ma est. Et nanque sentire quidam singulare est sensus autem universalis est
555 1761 1676 1894 ut hominis non callie hominis Iterum in hic statur et itur quousque
559 1859 1672 2043 utique impartibilia stent et universalia. ut huius animal quousque
