1728 2649
82 91 1187 264 Posteriorum Fo. CLIIII
75 231 1192 357 accipit. Igitur quod oportet ostendere etenim b est quid est homo
82 332 1186 447 oportet autem in duabus propositionibus et immediatis et primis
73 423 1192 544 terminis considerare Maxime enim manifestum est quod di
76 525 1192 641 citur sic per conversationem quidem igitur demonstrantes quid est
72 626 1174 738 animal. aut quid est homo aut aliud quodcunque eorum que sunt
82 722 1180 838 quod ex principio est repetunt. ut si quis diffiniat animam esse
72 816 1181 935 que sibi causa vivendi est. Aut numerum eundem seipsum moven-
80 912 1178 1033 tem sicut idem ens. Non enim si consequetur a ipsi b. et hoc ipsi c erit
70 1006 1184 1131 ipsi c a quod quid erat esse. Sed verum erat dicere que erit c in a
70 1100 1178 1230 solum. Neque si est a quod quid est vere aliquid esse. et de b pre
70 1194 1167 1330 dicatur omni etenim animalis esse predicatur de hominis esse Ve
69 1295 1183 1427 rum enim omnium quod homini est animali esse. sicut et omnem
69 1386 1184 1526 hominem animal esse. sed non sic sicut quod est unum esse. Si qui
70 1487 1178 1626 dem igitur non sic accipiat non sylogisabitur que a insit ipsi c. per
69 1589 1164 1718 quid erat in substantia. Si vero accipiat prius erit accipiens
75 1686 1170 1817 quod ipsi c inest. quod quid erit esse. in b. quare nihil demonstra-
61 1783 1164 1919 tivum est. Quod enim erat in principio accepit. At vero neque que
63 1874 1165 2032 per divisionem via est. sylogisatur sicut in resolutione circa fi-
1058 1991 1168 2070 EEe
