1728 2649
84 152 1188 263 Posteriorum Fo. CLIIII
77 240 1193 355 accipit. Igitur quod oportet ostendere etenim b est quid est homo
85 337 1187 450 oportet autem in duabus propositionibus et immediatis et primis
76 430 1193 546 terminis considerare Maxime enim manifestum est quod di
79 528 1193 643 citur sic per conversationem quidem igitur demonstrantes quid est
75 625 1175 740 animal. aut quid est homo aut aliud quodcunque eorum que sunt
85 725 1181 839 quod ex principio est repetunt. ut si quis diffiniat animam esse
74 818 1183 938 que sibi causa vivendi est. Aut numerum eundem seipsum moven-
83 916 1179 1036 tem sicut idem ens. Non enim si consequetur a ipsi b. et hoc ipsi c erit
73 1009 1185 1134 ipsi c a quod quid erat esse. Sed verum erat dicere que erit c in a
73 1100 1179 1230 solum. Neque si est a quod quid est vere aliquid esse. et de b pre
73 1199 1167 1330 dicatur omni etenim animalis esse predicatur de hominis esse Ve
71 1295 1183 1427 rum enim omnium quod homini est animali esse. sicut et omnem
71 1392 1184 1528 hominem animal esse. sed non sic sicut quod est unum esse. Si qui
75 1489 1178 1623 dem igitur non sic accipiat non sylogisabitur que a insit ipsi c. per
73 1587 1165 1718 quid erat in substantia. Si vero accipiat prius erit accipiens
79 1684 1169 1816 quod ipsi c inest. quod quid erit esse. in b. quare nihil demonstra-
66 1776 1163 1916 tivum est. Quod enim erat in principio accepit. At vero neque que
70 1898 1167 2005 per divisionem via est. sylogisatur sicut in resolutione circa fi-
1064 2012 1169 2050 EEe
