<?xml version='1.0' encoding='UTF-8'?>
<PcGts xmlns:xsi="http://www.w3.org/2001/XMLSchema-instance" xmlns="http://schema.primaresearch.org/PAGE/gts/pagecontent/2019-07-15" xsi:schemaLocation="http://schema.primaresearch.org/PAGE/gts/pagecontent/2019-07-15 http://schema.primaresearch.org/PAGE/gts/pagecontent/2019-07-15/pagecontent.xsd"><Metadata><Creator>prov=University of Rostock/Institute of Mathematics/CITlab|PLANET AI GmbH/Tobias Gruening/tobias.gruening@planet-ai.de:name=/net_tf/LA73_249_0mod360.pb:de.uros.citlab.segmentation.CITlab_LA_ML:v=2.6.7
Transkribus</Creator><Created>2022-03-28T11:47:29</Created><LastChange>2022-12-13T21:19:37</LastChange><Comments/></Metadata><Page imageFilename="GLOG_AnPost-0353.jpg" imageHeight="2674" imageWidth="1681"><ReadingOrder><OrderedGroup caption="Regions reading order" id="ro_1670962777522"><RegionRefIndexed index="0" regionRef="TextRegion_1652106576770_1136"/><RegionRefIndexed index="1" regionRef="TextRegion_1652106581041_1142"/><RegionRefIndexed index="2" regionRef="TextRegion_1652106581041_1141"/></OrderedGroup></ReadingOrder><TextRegion custom="readingOrder {index:0;} structure {type:header;}" id="TextRegion_1652106576770_1136" orientation="0.0" type="header"><Coords points="45,150 1153,150 1153,260 45,260"/><TextLine custom="readingOrder {index:0;}" id="r1l1"><Coords points="54,213 136,219 185,240 187,240 441,254 578,255 579,255 581,255 615,243 686,264 688,264 689,264 691,264 692,264 708,252 762,259 763,259 765,259 808,248 869,257 870,257 872,257 894,251 928,261 930,261 931,261 1138,259 1139,237 1141,155 1004,155 1003,155 1001,155 976,164 934,151 933,151 931,151 814,163 786,141 784,141 783,141 717,139 716,139 714,139 713,139 683,161 622,161 590,160 545,136 543,136 542,136 500,139 499,139 497,139 475,153 417,138 416,138 414,138 413,138 377,150 319,148 295,130 294,130 292,130 291,130 289,130 249,144 215,144 172,114 170,114 169,114 167,114 166,114 124,124 104,111 102,111 101,111 59,109 56,191 54,213"/><Baseline points="57,192 111,201 165,209 219,216 273,222 328,227 382,232 436,235 490,237 544,240 599,241 653,242 707,242 761,242 815,242 870,242 924,241 978,240 1032,240 1086,239 1141,239"/><TextEquiv><Unicode>Posteriorum Fo. CLXXXIIII</Unicode></TextEquiv></TextLine><TextEquiv><Unicode>Posteriorum Fo. CLXXXIIII</Unicode></TextEquiv></TextRegion><TextRegion custom="readingOrder {index:1;} structure {type:paragraph;}" id="TextRegion_1652106581041_1142" orientation="0.0" type="paragraph"><Coords points="45,260 1153,260 1153,1985 45,1985"/><TextLine custom="readingOrder {index:0;}" id="r1l2"><Coords points="53,298 92,301 120,320 121,320 123,320 124,320 126,320 147,316 246,332 448,343 520,346 521,346 523,346 541,338 557,346 558,346 560,346 561,346 576,338 598,350 600,350 601,350 603,350 633,341 664,349 665,349 667,349 668,349 707,335 717,344 719,344 720,344 722,344 928,343 1071,349 1082,359 1083,359 1084,359 1086,359 1141,352 1142,329 1144,291 908,279 906,279 607,286 490,282 481,273 480,273 478,273 224,268 184,252 182,252 181,252 130,254 56,237 54,276 53,298"/><Baseline points="55,277 109,288 163,299 218,308 272,314 327,320 381,324 435,327 490,329 544,330 599,331 653,331 707,331 762,330 816,329 871,329 925,328 979,328 1034,329 1088,330 1143,331"/><TextEquiv><Unicode>sam quidam necesse est esse. non tamen omnem Aut si semper</Unicode></TextEquiv></TextLine><TextLine custom="readingOrder {index:1;}" id="r1l3"><Coords points="47,372 46,398 105,401 169,421 170,421 172,423 231,423 252,436 254,436 255,436 257,436 322,432 344,441 346,441 347,441 387,433 483,448 484,448 486,448 517,438 572,450 573,450 575,450 597,441 634,456 636,456 637,456 703,450 737,462 738,462 740,463 922,463 922,462 924,462 925,462 949,447 1137,454 1139,429 1141,390 949,380 948,380 946,380 930,389 841,389 829,377 829,375 827,375 826,375 824,375 756,390 728,390 711,375 711,374 710,374 708,374 707,374 655,386 591,384 567,371 566,371 564,371 563,371 542,378 526,371 524,371 523,371 521,371 497,380 410,377 260,368 236,355 234,355 233,355 166,360 136,341 135,341 133,341 132,341 130,341 107,347 95,337 95,335 93,335 92,335 49,334 47,372"/><Baseline points="49,374 103,386 158,397 212,406 267,413 322,419 376,422 431,426 485,428 540,429 595,429 649,429 704,429 758,428 813,427 868,426 922,426 977,426 1031,426 1086,428 1141,430"/><TextEquiv><Unicode>est universale propositum propositum et causa quidem totum est. et cu </Unicode></TextEquiv></TextLine><TextLine custom="readingOrder {index:2;}" id="r1l4"><Coords points="47,473 46,500 203,521 205,521 206,521 224,515 237,525 239,525 240,525 242,527 298,527 329,539 331,539 542,548 543,548 545,548 546,548 566,534 628,552 630,552 631,552 704,548 793,561 795,561 881,554 897,564 899,564 900,564 902,564 903,564 943,551 1016,564 1018,564 1019,564 1021,564 1041,549 1131,552 1134,525 1135,485 860,485 820,473 818,473 817,473 726,476 725,476 723,476 708,485 643,472 642,472 640,472 612,481 555,469 554,469 552,469 520,476 337,469 306,453 304,453 303,453 301,453 260,463 193,453 191,453 156,457 121,436 120,436 118,436 49,433 47,473"/><Baseline points="49,474 103,486 157,495 211,503 266,511 320,516 374,520 429,523 483,525 537,526 592,526 646,526 700,526 754,525 809,524 863,524 917,523 972,523 1026,523 1080,524 1135,526"/><TextEquiv><Unicode>ius est causa universaliter et folio fluere in toto quodam deter</Unicode></TextEquiv></TextLine><TextLine custom="readingOrder {index:3;}" id="r1l5"><Coords points="54,570 52,595 225,626 227,626 279,622 297,637 298,637 300,637 480,646 481,646 483,646 484,646 493,640 569,650 570,650 786,646 811,655 813,655 814,655 887,650 909,662 911,662 912,662 914,662 967,643 1137,649 1139,623 1139,583 914,571 912,571 911,571 884,580 815,567 814,567 813,567 765,580 719,573 717,573 618,579 555,563 554,563 552,563 551,563 524,574 257,563 225,548 224,548 222,548 175,552 162,540 162,539 160,539 159,539 157,539 117,548 98,531 96,531 95,531 56,530 54,570"/><Baseline points="55,571 109,584 163,594 217,602 272,609 326,615 380,618 435,621 489,623 543,624 598,624 652,623 706,623 760,622 815,621 869,620 923,620 978,620 1032,620 1086,621 1141,624"/><TextEquiv><Unicode>minatum est. et si speties ipsius sint et universaliter igitur aut plan-</Unicode></TextEquiv></TextLine><TextLine custom="readingOrder {index:4;}" id="r1l6"><Coords points="44,695 109,698 123,710 124,710 126,710 127,710 160,710 179,723 181,723 182,723 184,723 206,720 237,732 239,732 240,732 295,724 338,736 340,736 341,736 384,732 465,742 466,742 468,742 469,742 483,733 490,739 490,741 491,741 493,741 549,747 551,747 665,745 731,756 763,757 765,757 766,757 768,757 784,747 860,754 862,754 863,754 865,754 893,738 930,738 945,750 946,750 948,750 949,750 951,750 952,750 964,742 1007,757 1009,757 1010,757 1012,757 1013,757 1035,744 1131,747 1134,719 1134,680 878,668 876,668 875,668 873,668 856,680 793,662 792,662 790,662 789,662 732,677 708,661 707,661 705,661 704,661 703,661 701,661 671,681 656,671 655,671 653,671 652,671 576,677 465,672 457,665 457,664 456,664 454,664 271,664 224,658 212,646 212,644 211,644 209,644 208,644 206,644 188,655 172,644 170,644 169,644 167,644 123,646 50,626 46,667 44,695"/><Baseline points="47,668 101,680 155,691 210,700 264,707 319,713 373,717 427,720 482,722 536,723 591,723 645,723 699,722 754,721 808,720 863,719 917,718 971,717 1026,718 1080,719 1135,720"/><TextEquiv><Unicode>tis aut huiusmodi plantis quare medium equale oportet esse </Unicode></TextEquiv></TextLine><TextLine custom="readingOrder {index:5;}" id="r1l7"><Coords points="44,787 147,802 182,824 184,824 185,824 187,824 280,822 596,846 597,846 598,846 625,839 665,845 667,845 668,845 670,845 685,834 705,848 707,848 708,848 710,848 749,843 780,851 781,851 783,851 784,851 786,851 796,843 810,852 811,852 813,852 814,852 815,852 842,843 865,851 866,851 867,851 869,851 911,834 1139,843 1142,820 1142,782 1016,772 1015,772 1013,772 1012,772 1000,781 933,768 931,768 930,768 875,785 847,766 845,766 844,766 842,766 768,778 703,771 701,771 700,771 671,779 656,766 655,766 653,766 652,766 475,771 274,762 254,751 252,751 251,751 249,751 237,757 218,747 216,747 215,747 214,747 190,756 173,741 172,741 170,741 169,741 133,747 102,724 101,724 99,724 50,723 46,763 44,787"/><Baseline points="47,765 101,779 156,789 211,798 266,805 321,811 375,815 430,818 485,819 540,820 595,820 649,820 704,819 759,818 814,817 869,816 923,816 978,816 1033,817 1088,819 1143,821"/><TextEquiv><Unicode>in his et cuius causa et converti ut propter quid arborea</Unicode></TextEquiv></TextLine><TextLine custom="readingOrder {index:6;}" id="r1l8"><Coords points="43,889 109,892 129,906 130,906 132,906 133,906 135,906 157,900 224,924 225,924 564,941 597,943 598,943 600,943 618,932 627,941 628,941 630,941 631,941 734,935 820,943 821,943 823,943 841,935 873,946 875,946 876,946 922,940 942,950 943,950 945,950 946,950 973,940 1021,949 1022,949 1131,946 1134,916 1135,873 869,861 867,861 801,873 774,866 772,866 771,866 688,874 642,857 640,857 639,857 637,857 636,857 612,873 569,873 499,861 175,852 150,846 124,822 124,821 123,821 121,821 49,817 46,860 43,889"/><Baseline points="47,861 101,875 155,886 210,896 264,903 319,908 373,913 427,915 482,917 536,917 591,917 645,917 699,916 754,914 808,913 863,912 917,911 971,911 1026,912 1080,914 1135,917"/><TextEquiv><Unicode>folio fluunt Si ergo propter densitatem humidi sui folio flu</Unicode></TextEquiv></TextLine><TextLine custom="readingOrder {index:7;}" id="r1l9"><Coords points="52,958 50,984 148,999 150,999 151,999 170,995 200,1016 202,1016 203,1016 512,1032 514,1032 567,1020 597,1036 598,1036 600,1036 682,1029 850,1032 891,1042 893,1042 960,1035 1132,1041 1135,1014 1137,976 1128,970 1126,970 1125,970 1123,970 1052,974 1043,967 1043,965 1041,965 1040,965 983,962 982,962 980,962 979,962 964,973 873,956 872,956 817,965 796,958 795,958 793,958 792,958 765,973 729,973 703,965 701,965 700,965 613,968 598,956 597,956 596,956 594,956 593,956 569,965 542,956 541,956 539,956 404,958 390,947 389,947 387,947 386,947 384,947 362,955 236,950 156,922 154,922 53,913 52,958"/><Baseline points="53,959 107,973 161,985 215,994 269,1002 324,1007 378,1011 432,1014 486,1015 540,1016 595,1015 649,1015 703,1013 757,1012 811,1011 866,1010 920,1009 974,1009 1028,1010 1082,1012 1137,1016"/><TextEquiv><Unicode>it arbori oportet esse densitate. si vero densitas est non in qua</Unicode></TextEquiv></TextLine><TextLine custom="readingOrder {index:8;}" id="r1l10"><Coords points="52,1054 49,1081 101,1084 185,1111 187,1111 532,1130 533,1130 585,1124 616,1134 618,1134 619,1134 670,1127 710,1133 711,1133 769,1121 818,1140 820,1140 821,1140 823,1140 856,1130 875,1142 876,1142 878,1142 879,1142 881,1142 918,1129 1139,1139 1142,1112 1144,1071 793,1066 778,1054 777,1054 775,1054 774,1054 772,1054 734,1069 649,1069 618,1051 616,1051 615,1051 613,1051 564,1063 263,1048 225,1030 224,1030 222,1030 221,1030 193,1038 148,1020 147,1020 53,1013 52,1054"/><Baseline points="53,1055 107,1069 162,1082 216,1091 271,1099 325,1105 380,1109 434,1111 489,1113 543,1113 598,1113 652,1112 707,1111 761,1109 816,1108 870,1107 925,1106 979,1106 1034,1107 1088,1109 1143,1113"/><TextEquiv><Unicode>libet. sed in arbore folio fluente Utrum autem contingit non</Unicode></TextEquiv></TextLine><TextLine custom="readingOrder {index:9;}" id="r1l11"><Coords points="44,1170 99,1178 160,1204 162,1204 163,1204 164,1204 181,1198 237,1210 640,1219 659,1228 661,1228 662,1228 719,1216 790,1227 792,1227 827,1219 872,1234 873,1234 875,1234 876,1234 878,1234 900,1221 1137,1237 1139,1210 1139,1170 967,1160 966,1160 921,1167 804,1151 802,1151 801,1151 781,1158 766,1149 765,1149 763,1149 762,1149 760,1149 759,1149 746,1160 728,1151 726,1151 650,1148 649,1148 600,1155 402,1151 303,1145 269,1124 267,1124 266,1124 264,1124 263,1124 231,1137 166,1121 164,1121 163,1121 162,1121 129,1133 111,1117 109,1117 108,1117 49,1108 46,1148 44,1170"/><Baseline points="47,1149 101,1164 156,1178 211,1188 265,1196 320,1201 375,1206 429,1209 484,1210 539,1210 594,1210 648,1208 703,1207 758,1205 812,1204 867,1203 922,1203 976,1203 1031,1205 1086,1208 1141,1212"/><TextEquiv><Unicode>eandem causam eiusdem in omnibus esse sed alteram aut non</Unicode></TextEquiv></TextLine><TextLine custom="readingOrder {index:10;}" id="r1l12"><Coords points="43,1268 111,1277 156,1302 157,1302 159,1302 160,1302 181,1293 194,1304 196,1304 197,1304 389,1316 390,1317 598,1317 622,1329 624,1329 625,1329 627,1329 649,1317 771,1329 772,1329 774,1329 796,1320 836,1326 838,1326 882,1317 951,1320 966,1334 966,1335 967,1335 969,1335 970,1335 1012,1326 1142,1331 1145,1308 1147,1271 1132,1259 1131,1259 1129,1259 1128,1259 976,1261 924,1247 922,1247 921,1247 854,1256 832,1246 830,1246 711,1246 710,1246 708,1246 707,1246 689,1259 664,1259 578,1243 576,1243 483,1247 401,1235 399,1235 274,1235 222,1216 221,1216 219,1216 185,1222 163,1204 162,1204 160,1204 47,1198 44,1246 43,1268"/><Baseline points="45,1247 100,1262 155,1274 210,1284 265,1292 320,1298 375,1302 430,1305 485,1307 540,1308 596,1308 651,1307 706,1306 761,1304 816,1303 871,1303 926,1302 981,1302 1036,1303 1091,1305 1147,1309"/><TextEquiv><Unicode>Aut siquidem per se demonstretur aut non. sed secundum signum aut</Unicode></TextEquiv></TextLine><TextLine custom="readingOrder {index:11;}" id="r1l13"><Coords points="49,1366 132,1380 167,1397 169,1397 279,1406 502,1418 503,1418 650,1414 677,1427 679,1427 680,1427 795,1411 836,1423 838,1423 839,1423 891,1414 1141,1426 1144,1403 1144,1365 866,1347 865,1347 792,1353 765,1339 763,1339 762,1339 692,1354 679,1344 679,1342 677,1342 676,1342 674,1342 597,1351 535,1339 533,1339 532,1339 486,1353 181,1338 89,1302 87,1302 54,1301 50,1345 49,1366"/><Baseline points="51,1347 105,1361 160,1374 215,1383 269,1391 324,1396 379,1401 433,1403 488,1405 543,1405 598,1405 652,1404 707,1403 762,1402 816,1400 871,1399 926,1399 980,1399 1035,1400 1090,1402 1145,1405"/><TextEquiv><Unicode>accidens non potest autem esse ratio enim ultimi medium. si</Unicode></TextEquiv></TextLine><TextLine custom="readingOrder {index:12;}" id="r1l14"><Coords points="54,1443 53,1463 87,1464 173,1497 175,1497 575,1510 588,1519 590,1519 591,1519 593,1519 594,1519 596,1519 609,1509 698,1509 729,1518 731,1518 732,1518 734,1518 735,1518 749,1507 1148,1521 1151,1501 1151,1464 1022,1451 1021,1451 976,1457 940,1446 939,1446 937,1446 884,1458 799,1449 798,1449 747,1454 711,1435 710,1435 708,1435 707,1435 682,1448 662,1438 661,1438 659,1438 607,1445 576,1436 575,1436 573,1436 465,1439 425,1429 423,1429 422,1429 271,1429 159,1405 157,1405 156,1405 115,1420 99,1405 98,1405 96,1405 56,1400 54,1443"/><Baseline points="55,1444 109,1458 164,1470 219,1480 274,1488 329,1494 384,1498 439,1501 494,1502 549,1502 604,1502 658,1501 713,1500 768,1498 823,1497 878,1496 933,1495 988,1495 1043,1496 1098,1498 1153,1502"/><TextEquiv><Unicode>vero non sic est contingit Est autem et cuius causam in quo</Unicode></TextEquiv></TextLine><TextLine custom="readingOrder {index:13;}" id="r1l15"><Coords points="46,1558 164,1591 166,1591 466,1611 523,1614 524,1614 526,1614 566,1604 594,1614 596,1614 729,1616 731,1616 732,1616 734,1616 749,1605 813,1613 814,1613 873,1607 918,1619 920,1619 921,1619 976,1613 998,1626 1000,1626 1001,1626 1003,1626 1004,1626 1027,1616 1131,1620 1134,1596 1134,1553 954,1543 952,1543 862,1552 826,1534 824,1534 740,1533 738,1533 737,1533 735,1533 703,1556 598,1556 576,1546 575,1546 573,1546 572,1546 543,1555 426,1549 419,1542 419,1540 417,1540 416,1540 414,1540 413,1540 392,1546 197,1536 139,1494 138,1494 136,1494 90,1492 89,1492 87,1492 69,1501 53,1494 47,1534 46,1558"/><Baseline points="48,1536 102,1552 156,1564 211,1575 265,1583 319,1589 374,1594 428,1597 482,1599 537,1599 591,1599 645,1598 700,1597 754,1596 808,1594 863,1593 917,1592 971,1592 1026,1593 1080,1595 1135,1598"/><TextEquiv><Unicode>considerare secundum accidens. non tamen videntur proposita esse</Unicode></TextEquiv></TextLine><TextLine custom="readingOrder {index:14;}" id="r1l16"><Coords points="44,1656 81,1657 138,1681 139,1681 141,1683 184,1683 194,1692 194,1693 196,1693 197,1693 486,1709 487,1709 488,1709 490,1709 502,1702 555,1714 557,1714 624,1706 746,1714 747,1714 792,1703 848,1720 850,1720 851,1720 853,1720 897,1708 943,1708 976,1720 977,1720 979,1720 980,1720 982,1720 997,1711 1135,1717 1138,1693 1139,1650 1006,1643 1004,1643 1003,1643 963,1657 933,1638 931,1638 930,1638 875,1635 873,1635 777,1656 677,1629 676,1629 674,1629 673,1629 652,1635 648,1629 646,1629 646,1628 645,1628 643,1628 642,1628 578,1631 567,1623 566,1623 564,1623 563,1623 561,1623 560,1623 545,1634 520,1625 518,1625 517,1625 515,1625 475,1645 433,1645 184,1631 52,1589 46,1632 44,1656"/><Baseline points="47,1633 101,1648 156,1661 210,1672 265,1680 320,1687 374,1691 429,1695 483,1697 538,1698 593,1698 647,1697 702,1696 756,1695 811,1693 866,1692 920,1691 975,1691 1029,1691 1084,1692 1139,1694"/><TextEquiv><Unicode>si autem non similiter se habebit medium siquidem equivocum</Unicode></TextEquiv></TextLine><TextLine custom="readingOrder {index:15;}" id="r1l17"><Coords points="50,1757 240,1796 548,1812 549,1812 601,1801 610,1809 612,1809 613,1809 615,1810 738,1810 750,1819 750,1821 752,1821 753,1821 755,1821 756,1821 790,1806 804,1815 805,1815 807,1815 808,1815 810,1815 851,1803 1142,1813 1145,1788 1147,1752 1134,1741 1134,1739 1132,1739 1131,1739 909,1727 908,1727 906,1727 881,1736 802,1727 801,1727 756,1736 729,1724 728,1724 726,1724 725,1724 723,1724 711,1733 671,1726 670,1726 668,1726 649,1735 628,1717 627,1717 625,1717 624,1717 622,1717 578,1732 291,1718 246,1699 245,1699 243,1699 118,1708 57,1689 52,1732 50,1757"/><Baseline points="53,1733 107,1749 162,1761 217,1771 271,1779 326,1785 381,1791 435,1794 490,1795 545,1796 600,1796 654,1796 709,1795 764,1793 818,1791 873,1790 928,1789 982,1788 1037,1787 1092,1788 1147,1790"/><TextEquiv><Unicode>et equivocum medium est si vero sicut in genere sit similiter se</Unicode></TextEquiv></TextLine><TextLine custom="readingOrder {index:16;}" id="r1l18"><Coords points="53,1861 142,1870 209,1895 211,1895 493,1911 494,1911 496,1911 520,1904 548,1914 549,1914 551,1914 609,1907 645,1919 646,1919 648,1919 700,1907 762,1917 763,1917 765,1917 795,1902 838,1911 839,1911 917,1907 955,1926 957,1926 958,1926 960,1926 998,1911 1142,1917 1145,1888 1147,1853 1122,1836 1120,1836 1119,1836 967,1827 966,1827 887,1842 873,1831 873,1830 872,1830 870,1830 798,1819 796,1819 795,1819 762,1831 719,1822 717,1822 667,1833 600,1818 598,1818 542,1827 463,1824 453,1813 451,1813 450,1813 448,1813 295,1813 264,1793 263,1793 261,1793 228,1788 227,1788 148,1806 60,1779 56,1831 53,1861"/><Baseline points="57,1832 111,1847 166,1859 220,1869 275,1877 329,1884 384,1889 438,1892 493,1894 547,1894 602,1895 656,1894 711,1893 765,1891 820,1890 874,1889 929,1887 983,1887 1038,1887 1092,1887 1147,1889"/><TextEquiv><Unicode>habebit ut propter quid commutabiliter est annalogum. Alia</Unicode></TextEquiv></TextLine><TextLine custom="readingOrder {index:17;}" id="r1l19"><Coords points="52,1926 46,1947 120,1975 121,1975 123,1975 124,1975 136,1971 170,1992 172,1992 173,1992 175,1992 176,1992 194,1984 224,1996 225,1996 227,1996 228,1996 243,1992 260,2006 260,2008 261,2008 263,2008 264,2008 280,2006 286,2015 288,2015 288,2017 289,2017 291,2017 334,2026 344,1984 349,1949 318,1944 297,1925 295,1925 294,1925 214,1923 160,1904 159,1904 120,1904 105,1888 105,1886 104,1886 102,1886 59,1883 52,1926"/><Baseline points="53,1928 107,1944 161,1957 215,1968 270,1976 324,1983 345,1985"/><TextEquiv><Unicode>enim est causa in numeris et in lineis et eadem inquantum autem</Unicode></TextEquiv></TextLine><TextEquiv><Unicode>sam quidam necesse est esse. non tamen omnem Aut si semper
est universale propositum propositum et causa quidem totum est. et cu 
ius est causa universaliter et folio fluere in toto quodam deter
minatum est. et si speties ipsius sint et universaliter igitur aut plan-
tis aut huiusmodi plantis quare medium equale oportet esse 
in his et cuius causa et converti ut propter quid arborea
folio fluunt Si ergo propter densitatem humidi sui folio flu
it arbori oportet esse densitate. si vero densitas est non in qua
libet. sed in arbore folio fluente Utrum autem contingit non
eandem causam eiusdem in omnibus esse sed alteram aut non
Aut siquidem per se demonstretur aut non. sed secundum signum aut
accidens non potest autem esse ratio enim ultimi medium. si
vero non sic est contingit Est autem et cuius causam in quo
considerare secundum accidens. non tamen videntur proposita esse
si autem non similiter se habebit medium siquidem equivocum
et equivocum medium est si vero sicut in genere sit similiter se
habebit ut propter quid commutabiliter est annalogum. Alia
enim est causa in numeris et in lineis et eadem inquantum autem</Unicode></TextEquiv></TextRegion><TextRegion custom="readingOrder {index:2;} structure {type:catch-word;}" id="TextRegion_1652106581041_1141" orientation="0.0" type="catch-word"><Coords points="45,1985 1153,1985 1153,2042 45,2042"/><TextLine custom="readingOrder {index:0;}" id="r1l20"><Coords points="998,2030 998,2048 1053,2056 1055,2056 1056,2056 1080,2044 1144,2041 1144,2023 1139,1984 995,1984 998,2030"/><Baseline points="1000,2032 1029,2030 1058,2029 1087,2027 1116,2026 1145,2024"/><TextEquiv><Unicode>KKk iii</Unicode></TextEquiv></TextLine><TextEquiv><Unicode>KKk iii</Unicode></TextEquiv></TextRegion></Page></PcGts>