1681 2674
57 150 1141 263 Posteriorum Fo. CLXXXIIII
55 235 1143 352 sam quidam necesse est esse. non tamen omnem Aut si semper
49 330 1141 452 est universale propositum propositum et causa quidem totum est. et cu
49 430 1135 548 ius est causa universaliter et folio fluere in toto quodam deter
55 527 1141 646 minatum est. et si speties ipsius sint et universaliter igitur aut plan-
47 624 1135 745 tis aut huiusmodi plantis quare medium equale oportet esse
47 721 1143 843 in his et cuius causa et converti ut propter quid arborea
47 817 1135 939 folio fluunt Si ergo propter densitatem humidi sui folio flu
53 915 1137 1038 it arbori oportet esse densitate. si vero densitas est non in qua
53 1011 1143 1135 libet. sed in arbore folio fluente Utrum autem contingit non
47 1105 1141 1234 eandem causam eiusdem in omnibus esse sed alteram aut non
45 1203 1147 1331 Aut siquidem per se demonstretur aut non. sed secundum signum aut
51 1303 1145 1427 accidens non potest autem esse ratio enim ultimi medium. si
55 1400 1153 1524 vero non sic est contingit Est autem et cuius causam in quo
48 1492 1135 1621 considerare secundum accidens. non tamen videntur proposita esse
47 1589 1139 1720 si autem non similiter se habebit medium siquidem equivocum
53 1689 1147 1818 et equivocum medium est si vero sicut in genere sit similiter se
57 1788 1147 1917 habebit ut propter quid commutabiliter est annalogum. Alia
53 1908 1139 2005 enim est causa in numeris et in lineis et eadem inquantum autem
1000 2004 1145 2042 KKk iii
