1699 2638
49 128 1134 275 Posteriorum Fo. CLXXXIX
54 262 1140 363 animal. Et in hoc similiter manifestum est quoniam nobis prima in
58 359 1147 454 ductione cognoscere nesessarium est. et namque sic sensus universale facit.
48 451 1144 549 Quoniam autem cira intelligentiam habituum quibus verum vel falsum dici-
54 546 1144 647 mus. alii quidem semper veri sunt. alii aut recipiunt falsitatem ut opi
48 641 1147 740 nio et ratio Veri autem sunt semper scientia et intellectus et nil est scien
54 735 1146 835 tie certius aliud genus quam intellectus principia demonstrationum
63 826 1144 933 sunt notiora scientia aut omnis cum ratione est principiorum quidem scien
63 920 1147 1036 tia non utique erit Quoniam autem nihil verius contingit esse scientie quam in
57 1020 1141 1125 tellectus Intellectus utique erit principiorum ex his consideranti-
63 1112 1147 1226 bus et que quidem demonstrationis principium sit non demonstra-
63 1209 1158 1317 tio quare neque scientie scientia est. si igitur nil aliud secundum scientiam
60 1305 1156 1418 genus habemus verum Intellectus utique erit scientie principium
60 1395 1162 1519 et principium principiis hoc autem omne similiter se habet ad
70 1493 315 1585 omne genus rerum.
74 1532 1158 1639 ¶ Utrum cognitio primorum principiorum demonstrationis insit nobis a
70 1578 1153 1683 natura Pro intellectione questionis mote. Notandum est primo. Postquam
74 1623 1158 1729 Aristo determinavit de formali cognitione cause et effectus. Iam hic consequenter
76 1667 1159 1770 determinat de virtuali cognitione cause et effectus. Causa enim et effectus hoc
74 1708 1150 1817 est premisse proprie et propria conclusio formaliter et substantialiter ingrediuntur de-
70 1752 1152 1859 monstrationem. de quibus aristotiles locutus est in primo. et in secundo locutus
80 1799 1152 1905 est de medio demonstrationis quod includitur in premissis. Iam consequenter
79 1836 1155 1952 in fine determinat de dignitatibus que substantialiter demonstrationem
79 1884 1159 2040 non ingrediuntur. sed virtualiter tamen. quomodo scilicet nobis cognita sine
992 1972 1172 2067 LLl iiii
