1711 2650
86 131 1175 234 Posteriorum Fo. CLXIX
69 219 1157 327 circulo in quo c. a igitur rectam esse in c. que est in medio cir-
65 310 1161 426 culo causa b est. Hoc enim ipsi a equale est quod vero est c ipsi
71 410 1163 522 b duarum enim rectarum medium est Existente igitur medio
71 505 1163 619 duarum rectarum a in c est. hoc autem erat in semicirculo re-
69 601 1167 717 ctam huic autem idem est quod quid erat esse cum hoc
75 700 1161 813 significaret ratione Atuero et ipsius quod erat esse causa mo-
67 794 1161 909 strata est media Hoc autem propter quid medorum bellum
67 889 1165 1006 factum est athenis que causa est preliari athenienses quoni-
73 987 1147 1102 am in sardos commiserunt propter hoc enim motum est pri
69 1081 1161 1198 mum. Sit bellum in quo a. prius committens b. athenien
71 1180 1161 1296 ses c. est igitur b in c prius est committente atheniensibus
67 1275 1161 1393 a autem in c. debellant enim prius iniustos. est itaque in b a
73 1371 1169 1490 debellari prius incipientes b autem prius in atheniensibus
69 1466 1159 1585 prius enim inceperunt medium itaque hec causa est medium mo
67 1561 1147 1684 vens. Quorumcumque enim causa est propter aliquid ut propter quid
67 1656 1151 1781 ambulat ut sanus fiat. illud propter id quo salvet propter quid post
73 1753 1169 1877 cenam oportet ambulare cuius gratia oportet nihil differt am
77 1853 1169 1976 bulare post cenam in quo c non eminere cibos in quo b sanari
