1752 2644
578 167 1593 261 Liber Secundus
576 243 1676 353 in quo a. sic igitur in eo qui post cenam ambulat esse facere
570 335 1684 450 non supervenire cibos iuxta os ventris. et hoc esse sanum vi-
572 432 1680 548 dent enim inesse ipsi ambulare quod est c b quod est non emine-
568 528 1684 646 re cibos In hoc autem quod sanativum est que igitur causa est in a
568 625 1680 741 quod a sit propter quid est sit b non eminere cibos. hoc autem est
568 719 1688 838 sicut illius ratio a enim sic demonstrabit propter quid b in c est
568 815 1682 936 quam hoc est sanari. Oportet autem commutare rationes et sic magis
576 913 1674 1032 unaqueque apparebit Generationem autem econtrario hic et in cau
562 1006 1680 1129 sis secundum motum ibi quidem enim medium oportet primum fieri hoc
560 1101 1674 1226 autem ipsum c ultimum. ultimum est propter quid. Contingit autem unum et idem
568 1197 1680 1322 esse et quid est et propter quid est et ex necessitate ut per lucerne
571 1292 1679 1419 pellem lumen agredi et nanque ex necessitate disgreditur quod in
569 1385 1682 1518 parvis est partibus per maiores poros. sic quidem ignis fit dis
570 1486 1672 1616 grediendo et propter aliud ut non offendamus itaque si esse con-
570 1578 1677 1713 tingit et fieri contingit. sicut si tonat extincto igne necesse est si
572 1677 1668 1810 zire et sonare Etsi est quemadmodum pictagorici dicunt mina-
568 1768 1676 1909 rum causa his qui sunt in tartaro quatenus timeant Plurima
562 1867 1676 2010 autem homini sunt et maxime in his que natura subsistere et constan
