1716 2644
66 127 872 273 Posterioru~ Fo. CLXXV
63 226 1150 337 causam non demonstratur effectus secundum esse patet et lapides possunt esse
61 274 1144 381 et non est domus. licet lapidibus existentibus potest esse domus. ¶ Sequitur
60 318 1141 424 correlarie quinto que in causis et causatis non simul existentibus per
66 359 1145 468 causam non demonstratur effectus secundum fieri actuale patet quia ligna
63 408 1140 509 possunt esse vel lapides et ex ipsis nunquam fiet domus licet posset fie-
66 448 1141 556 ri. ¶ Sequitur correlarie sexto In causis et causatis non simul exi
64 489 1150 593 stentibus per effectum demonstratur causa tam secundum esse quam secundum fie-
64 536 1141 638 ri.patet quia si fundamentum est ergo lapides sunt et etiam incisio la
60 577 1140 685 pidum aliquando fuit. sic etiam domus est ergo fundamentum est et incisio
64 622 1145 727 lapidum aliquando fuit. ¶ Sequitur correlarie. vii. In causis et causa
61 665 1134 768 tis circulariter se habentibus possibilis est circularis demonstratio patet
57 708 1144 815 quia quandocumque medium et extrema adinvicem convertuntur possibile
est demonstrationem circularem fieri sed in causis et causatis circula-
57 790 1135 901 riter se habentibus medium et extrema adinvicem convertuntur. ergo Ma
60 834 1140 944 ior. est aristotilis secundo priorum. ubi ostenditur que si medium et extrema ad
58 878 1147 988 invicem convertuntur. necesse est extrema converti et etiam premissas converti
60 923 1141 1028 necesse est cum conclusione et adinvicem. Minor declaratur et pluvia va-
58 965 1135 1075 por et nubes circulariter se habent. quorum medium convertitur cum extremis.
64 1010 1134 1116 ex pluvia enim generatur vapor. et ex vapore generantur nubes. et ex nu-
66 1054 1140 1158 be generatur pluvia. Item ex nube generatur pluvia. et ex pluvia generatur
64 1095 1144 1203 vapor. et ex vapore generantur nubes. Item ex vapore generantur nubes
57 1135 1132 1258 et ex nube generatur pluvia. et ex pluvia generatur vapor. patet ergo que
61 1178 793 1292 ista tria secundum causam et causatum circulariter se habent.
60 1274 1148 1396 Quomodo autem oportet venari in eo quod quid est venan-
57 1364 1145 1480 tia nunc dicamus. Eorum igitur que insunt. unicuique quedam
52 1457 1141 1579 extenduntur in plus non tamen erunt extra genus. dico autem in plus esse
54 1555 1151 1676 quecunque insunt quidem unicuique universaliter Atuero et alii ut
60 1636 1141 1756 est aliquid quod omni trinitati inest. sed et non numero. sed impar inest
57 1718 1140 1844 omni trinitati et est in plus et namque ipsis quinque inest sed non extra ge-
57 1811 1135 1931 nus quinque enim numerus est impar Nullum aut impar extra numerum
49 1890 1138 2074 est homini autem accipienda sunt usque ad hoc quousque tot accipian-
