<?xml version="1.0" encoding="UTF-8" standalone="yes"?>
<PcGts xmlns="http://schema.primaresearch.org/PAGE/gts/pagecontent/2013-07-15" xmlns:xsi="http://www.w3.org/2001/XMLSchema-instance" xsi:schemaLocation="http://schema.primaresearch.org/PAGE/gts/pagecontent/2013-07-15 http://schema.primaresearch.org/PAGE/gts/pagecontent/2013-07-15/pagecontent.xsd">
    <Metadata>
        <Creator>Transkribus LA 0.8.0</Creator>
        <Created>2022-12-05T00:30:27.118+01:00</Created>
        <LastChange>2023-03-30T15:43:29.522+02:00</LastChange>
        <TranskribusMetadata docId="1349616" pageId="52976670" pageNr="3" tsid="117709788" status="IN_PROGRESS" userId="110750" imgUrl="https://files.transkribus.eu/Get?id=BTUOFLELRPANERCMPPIPCFCB&amp;fileType=view" xmlUrl="https://files.transkribus.eu/Get?id=WMHRQKGFAINFGIKHFNDCEVAG" imageId="41556804"/>
    </Metadata>
    <Page imageFilename="PL_1_4_1-011_0330.jpg" imageWidth="2625" imageHeight="3500">
        <ReadingOrder>
            <OrderedGroup id="ro_1681816268654" caption="Regions reading order">
                <RegionRefIndexed index="0" regionRef="TextRegion_1670197603194_377"/>
            </OrderedGroup>
        </ReadingOrder>
        <TextRegion orientation="0.0" id="TextRegion_1670197603194_377" custom="readingOrder {index:0;}">
            <Coords points="269,342 2178,342 2178,2010 269,2010"/>
            <TextLine id="r1l2" custom="readingOrder {index:0;}">
                <Coords points="269,517 358,527 447,535 537,541 626,546 716,549 805,552 894,564 984,564 1073,553 1163,553 1252,552 1342,552 1431,552 1520,552 1610,552 1702,560 1792,563 1878,559 1968,564 1968,525 1878,520 1791,507 1701,496 1610,505 1520,513 1439,500 1356,481 1258,494 1163,514 1073,514 983,494 893,494 805,513 692,433 602,430 537,502 439,395 350,387 269,478"/>
                <Baseline points="269,504 358,514 447,522 537,528 626,533 716,536 805,539 894,540 984,540 1073,540 1163,540 1252,539 1342,539 1431,539 1520,539 1610,539 1699,540 1789,543 1878,546 1968,551"/>
                <TextEquiv>
                    <Unicode>Principes Polonie ad pugnandum cum infidelibus accersiti fuissent Om</Unicode>
                </TextEquiv>
            </TextLine>
            <TextLine id="r1l3" custom="readingOrder {index:1;}">
                <Coords points="456,589 532,593 609,597 686,600 763,601 840,603 916,604 993,604 1070,604 1147,604 1224,604 1300,604 1397,611 1455,610 1532,612 1608,606 1684,608 1761,610 1841,636 1918,639 2001,619 2001,589 1915,586 1846,562 1760,570 1703,563 1608,576 1530,553 1454,574 1373,562 1296,562 1224,574 1134,552 1075,558 996,545 914,561 840,573 763,571 686,570 609,567 533,549 457,545"/>
                <Baseline points="456,579 532,583 609,587 686,590 763,591 840,593 916,594 993,594 1070,594 1147,594 1224,594 1300,594 1377,594 1454,594 1531,596 1608,596 1684,598 1761,600 1838,603 1915,606 1992,611"/>
                <TextEquiv>
                    <Unicode>missis tamen nacionibus Barbarorum Regni Polonie nostri Insignem</Unicode>
                </TextEquiv>
            </TextLine>
            <TextLine id="line_1670197558223_347" custom="readingOrder {index:2;} sic {offset:3; length:9;} above {offset:13; length:9;} above {offset:48; length:7;} sic {offset:76; length:9;}">
                <Coords points="462,621 557,592 735,597 823,613 964,613 1079,608 1161,607 1249,615 1290,601 1356,596 1368,595 1412,616 1500,614 1549,603 1594,606 1617,613 1663,614 1812,620 1977,640 1983,682 1622,671 1484,654 1387,671 1356,661 1288,657 1238,668 1130,664 1042,659 801,652 779,662 751,651 611,655 462,651"/>
                <Baseline points="462,641 536,642 611,645 686,645 760,647 767,647 557,612 582,614 608,614 633,615 659,615 684,616 710,617 735,617 761,618 767,647 835,647 910,647 984,647 1059,647 1134,645 1209,645 1283,645 1358,645 1433,645 1507,645 1582,647 1657,648 1731,651 1806,654 1881,659 1956,663"/>
                <TextEquiv>
                    <Unicode>et maritinam maritimam partem deinde successive ceteras Regni nostri terras pncipatus et</Unicode>
                </TextEquiv>
            </TextLine>
            <TextLine id="r1l6" custom="readingOrder {index:3;}">
                <Coords points="445,731 537,735 608,719 682,719 756,732 830,732 902,719 976,719 1049,719 1123,719 1196,721 1269,721 1345,730 1418,730 1490,724 1563,726 1637,728 1710,730 1784,733 1858,755 1937,740 1937,697 1882,677 1789,670 1710,687 1637,685 1563,683 1490,681 1416,679 1342,665 1296,659 1196,678 1128,660 1049,676 976,676 902,676 835,661 751,653 682,676 608,676 535,676 443,672"/>
                <Baseline points="462,705 535,705 608,705 682,705 755,705 829,705 902,705 976,705 1049,705 1123,705 1196,707 1269,707 1343,708 1416,708 1490,710 1563,712 1637,714 1710,716 1784,719 1857,722 1931,726"/>
                <TextEquiv>
                    <Unicode>fortes occupaure fundatoresque plurimis bellis opportunitate nacta lacessere</Unicode>
                </TextEquiv>
            </TextLine>
            <TextLine id="r1l7" custom="readingOrder {index:4;}">
                <Coords points="455,785 533,782 612,781 690,779 769,778 848,783 926,783 1005,778 1084,779 1162,780 1241,792 1320,794 1398,785 1477,787 1556,790 1634,793 1713,796 1792,799 1870,802 1949,805 2048,808 2048,765 1949,762 1870,759 1792,756 1728,737 1634,750 1561,729 1482,726 1398,742 1320,740 1241,738 1162,737 1084,736 1002,727 930,725 852,725 769,735 690,736 626,723 533,739 455,742"/>
                <Baseline points="455,771 533,768 612,767 690,765 769,764 848,764 926,764 1005,764 1084,765 1162,766 1241,767 1320,769 1398,771 1477,773 1556,776 1634,779 1713,782 1792,785 1870,788 1949,791 2028,794"/>
                <TextEquiv>
                    <Unicode>atque delere conati sunt Ad quamquidem pacem consequendam omnes nostros conatus</Unicode>
                </TextEquiv>
            </TextLine>
            <TextLine id="r1l8" custom="readingOrder {index:5;}">
                <Coords points="455,845 532,843 610,841 687,839 765,838 842,837 920,836 997,836 1075,838 1145,859 1230,839 1308,841 1385,844 1463,846 1540,848 1618,853 1695,855 1773,859 1853,873 1931,878 2023,870 2023,827 1928,825 1851,814 1773,816 1695,812 1618,810 1546,790 1469,788 1385,801 1308,798 1230,796 1152,795 1075,795 997,793 920,793 842,794 765,795 694,781 614,788 536,790 455,802"/>
                <Baseline points="455,831 532,829 610,827 687,825 765,824 842,823 920,822 997,822 1075,824 1152,824 1230,825 1308,827 1385,830 1463,832 1540,834 1618,839 1695,841 1773,845 1850,849 1928,854 2006,858"/>
                <TextEquiv>
                    <Unicode>in illum finem extendimus ut paccatis undique bellis intestinis Regnoque</Unicode>
                </TextEquiv>
            </TextLine>
            <TextLine id="r1l9" custom="readingOrder {index:6;}">
                <Coords points="452,911 535,910 618,908 701,907 784,906 867,905 950,904 1033,904 1116,904 1199,904 1278,919 1361,920 1449,907 1532,910 1615,912 1698,916 1781,920 1867,935 1950,941 2031,940 2031,897 1947,889 1864,883 1781,877 1696,858 1613,854 1532,867 1452,846 1366,862 1283,861 1199,861 1116,861 1033,861 959,849 868,852 788,835 704,846 618,865 535,852 452,853"/>
                <Baseline points="452,897 535,896 618,894 701,893 784,892 867,891 950,890 1033,890 1116,890 1199,890 1283,890 1366,891 1449,893 1532,896 1615,898 1698,902 1781,906 1864,912 1947,918 2031,926"/>
                <TextEquiv>
                    <Unicode>nostro divina favente clemencia reintegrato beatam et desideratam pacem</Unicode>
                </TextEquiv>
            </TextLine>
            <TextLine id="r1l10" custom="readingOrder {index:7;}">
                <Coords points="446,978 530,978 614,975 698,974 782,974 866,972 950,971 1035,969 1119,969 1203,969 1287,969 1371,971 1455,972 1540,974 1624,977 1708,981 1792,986 1876,990 1960,997 2077,1003 2078,943 1961,937 1873,939 1807,919 1708,935 1626,922 1542,919 1455,926 1371,925 1287,923 1203,923 1119,923 1035,923 959,905 866,926 782,928 698,928 614,929 530,917 446,917"/>
                <Baseline points="446,963 530,963 614,960 698,959 782,959 866,957 950,956 1035,954 1119,954 1203,954 1287,954 1371,956 1455,957 1540,959 1624,962 1708,966 1792,971 1876,975 1960,982 2045,990"/>
                <TextEquiv>
                    <Unicode>habere queamus ut eo licencius Cum Tartaris et aliis infidelibus bellum</Unicode>
                </TextEquiv>
            </TextLine>
            <TextLine id="r1l11" custom="readingOrder {index:8;} unclear {offset:21; length:7;} unclear {offset:58; length:4;} unclear {offset:72; length:5;} comment {offset:78; length:10;comment:ascribendi?;}">
                <Coords points="416,1052 459,1053 487,1033 605,1038 687,1038 768,1037 850,1035 931,1035 1013,1034 1094,1033 1176,1032 1257,1032 1347,1044 1429,1046 1501,1035 1583,1038 1664,1041 1746,1046 1802,1064 1900,1077 1981,1085 2088,1074 2086,1012 1988,1003 1909,1011 1827,1005 1753,986 1660,981 1579,978 1501,989 1420,988 1338,986 1256,975 1175,975 1094,987 1013,988 931,989 847,974 765,976 681,980 599,980 524,994 413,990"/>
                <Baseline points="443,1025 524,1025 605,1023 687,1023 768,1022 850,1020 931,1020 1013,1019 1094,1018 1176,1017 1257,1017 1338,1017 1420,1019 1501,1020 1583,1023 1664,1026 1746,1031 1827,1036 1909,1042 1990,1050 2072,1059"/>
                <TextEquiv>
                    <Unicode>gerere voleamus hiis rimatis non licet vestre paternitati viam nobis ad cupam ascerbendi</Unicode>
                </TextEquiv>
            </TextLine>
            <TextLine id="r1l12" custom="readingOrder {index:9;}">
                <Coords points="446,1103 523,1103 601,1102 679,1100 757,1099 835,1099 913,1097 993,1110 1071,1110 1146,1097 1224,1097 1302,1097 1380,1099 1458,1101 1535,1103 1613,1106 1693,1124 1771,1128 1847,1121 1925,1143 2026,1145 2026,1086 1925,1084 1811,1076 1751,1050 1689,1065 1610,1037 1535,1060 1458,1058 1384,1051 1306,1049 1224,1054 1150,1040 1068,1054 992,1037 915,1037 835,1056 757,1056 679,1057 601,1059 523,1060 485,1037 473,1039 446,1060"/>
                <Baseline points="446,1089 523,1089 601,1088 679,1086 757,1085 835,1085 913,1083 990,1083 1068,1083 1146,1083 1224,1083 1302,1083 1380,1085 1458,1087 1535,1089 1613,1092 1691,1097 1769,1101 1847,1107 1925,1113 2003,1121"/>
                <TextEquiv>
                    <Unicode>Si ut optaremus votis Apostolicis et Cesareis ac aliorum principum et po</Unicode>
                </TextEquiv>
            </TextLine>
            <TextLine id="r1l13" custom="readingOrder {index:10;}">
                <Coords points="456,1181 504,1159 607,1163 686,1165 765,1165 844,1165 923,1165 1002,1165 1081,1165 1160,1165 1239,1165 1303,1184 1396,1166 1475,1168 1539,1184 1618,1187 1712,1174 1786,1196 1865,1200 1949,1186 2055,1187 2054,1133 1948,1132 1853,1123 1791,1134 1712,1131 1635,1117 1562,1109 1475,1125 1399,1100 1317,1123 1228,1099 1168,1106 1083,1106 1002,1122 923,1105 845,1109 766,1109 686,1122 607,1120 536,1101 450,1120"/>
                <Baseline points="450,1149 528,1149 607,1149 686,1151 765,1151 844,1151 923,1151 1002,1151 1081,1151 1160,1151 1239,1151 1317,1152 1396,1152 1475,1154 1554,1155 1633,1158 1712,1160 1791,1163 1870,1167 1949,1172 2028,1176"/>
                <TextEquiv>
                    <Unicode>pulorum Catholicorum ad hoc sanctum negocium ad presens facere neglectis nostris</Unicode>
                </TextEquiv>
            </TextLine>
            <TextLine id="r1l14" custom="readingOrder {index:11;} unclear {offset:71; length:5;}">
                <Coords points="452,1229 531,1228 610,1228 689,1226 769,1226 848,1226 931,1237 1010,1236 1086,1226 1165,1226 1244,1227 1323,1230 1403,1231 1482,1232 1561,1235 1655,1256 1720,1241 1799,1246 1878,1251 1957,1258 2059,1264 2062,1209 1960,1203 1873,1190 1799,1203 1720,1198 1642,1176 1561,1192 1480,1177 1401,1174 1323,1185 1206,1166 1165,1183 1086,1183 1016,1166 928,1164 849,1164 769,1183 689,1183 618,1159 539,1159 452,1186"/>
                <Baseline points="452,1215 531,1214 610,1214 689,1212 769,1212 848,1212 927,1212 1006,1211 1086,1212 1165,1212 1244,1213 1323,1214 1403,1215 1482,1218 1561,1221 1640,1224 1720,1227 1799,1232 1878,1237 1957,1244 2037,1250"/>
                <TextEquiv>
                    <Unicode>rebus nequiremus Rursum in calce ejusdem vestre paternitatis relegimus Gp̄le velle</Unicode>
                </TextEquiv>
            </TextLine>
            <TextLine id="r1l15" custom="readingOrder {index:12;} unclear {offset:40; length:4;}">
                <Coords points="459,1311 535,1311 605,1306 687,1294 765,1311 839,1293 915,1291 992,1291 1068,1290 1144,1290 1220,1290 1296,1290 1372,1290 1448,1291 1525,1294 1601,1297 1677,1300 1753,1305 1833,1330 1909,1337 1982,1327 1982,1279 1915,1260 1855,1267 1758,1250 1677,1252 1654,1259 1601,1243 1525,1240 1448,1243 1395,1223 1356,1232 1346,1248 1302,1232 1226,1232 1144,1242 1068,1242 992,1243 915,1243 839,1245 763,1246 687,1246 627,1235 529,1232 453,1232"/>
                <Baseline points="459,1280 535,1280 611,1280 687,1278 763,1278 839,1277 915,1275 992,1275 1068,1274 1144,1274 1220,1274 1296,1274 1372,1274 1448,1275 1525,1278 1601,1281 1677,1284 1753,1289 1829,1295 1905,1302 1982,1311"/>
                <TextEquiv>
                    <Unicode>ipsam si res cogat ad nos declinare etc Quā rebus fidei et populi christiani</Unicode>
                </TextEquiv>
            </TextLine>
            <TextLine id="r1l16" custom="readingOrder {index:13;} unclear {offset:11; length:2;} unclear {offset:14; length:7;}">
                <Coords points="453,1364 531,1377 611,1376 691,1361 771,1360 850,1360 930,1358 1010,1368 1090,1367 1110,1356 1168,1357 1248,1357 1288,1378 1327,1357 1407,1358 1486,1360 1530,1375 1566,1363 1645,1365 1727,1386 1804,1372 1884,1378 1969,1405 2091,1403 2085,1339 1963,1341 1884,1335 1804,1329 1732,1308 1645,1322 1612,1288 1566,1320 1486,1317 1410,1303 1330,1302 1248,1289 1168,1289 1090,1298 1010,1299 930,1315 854,1306 775,1306 705,1304 626,1306 532,1321 453,1321"/>
                <Baseline points="453,1350 532,1350 612,1349 691,1347 771,1346 850,1346 930,1344 1009,1344 1089,1343 1168,1343 1248,1343 1327,1343 1407,1344 1486,1346 1566,1349 1645,1351 1725,1355 1804,1358 1884,1364 1963,1370 2043,1376"/>
                <TextEquiv>
                    <Unicode>defensione ud Almania et superioribus partibus occupatam intelligimus et magis</Unicode>
                </TextEquiv>
            </TextLine>
            <TextLine id="r1l17" custom="readingOrder {index:14;} textStyle {offset:37; length:3;strikethrough:true;} unclear {offset:58; length:7;}">
                <Coords points="463,1442 540,1441 619,1443 697,1441 775,1423 852,1420 930,1432 1008,1417 1077,1428 1163,1415 1241,1415 1319,1415 1397,1417 1474,1418 1552,1420 1637,1435 1708,1441 1785,1445 1863,1436 1941,1443 2019,1450 2019,1408 1941,1401 1863,1376 1785,1371 1708,1385 1630,1381 1552,1378 1474,1376 1398,1373 1319,1373 1241,1373 1168,1364 1096,1352 1013,1361 930,1376 852,1378 775,1381 696,1372 618,1374 541,1387 464,1388"/>
                <Baseline points="464,1416 541,1415 619,1412 697,1410 775,1409 852,1406 930,1404 1008,1403 1086,1403 1163,1401 1241,1401 1319,1401 1397,1403 1474,1404 1552,1406 1630,1409 1708,1413 1785,1417 1863,1422 1941,1429 2019,1436"/>
                <TextEquiv>
                    <Unicode>opus esse indicamus in ibi solicitam Cum Cum nos postquam e...sce</Unicode>
                </TextEquiv>
            </TextLine>
            <TextLine id="r1l18" custom="readingOrder {index:15;} unclear {offset:0; length:4;} unclear {offset:43; length:9;} unclear {offset:80; length:8;} corr {offset:80; length:8;}">
                <Coords points="458,1502 536,1498 609,1513 687,1509 771,1485 848,1495 926,1492 1006,1477 1088,1495 1162,1474 1241,1474 1315,1491 1393,1492 1475,1478 1544,1498 1632,1484 1711,1503 1790,1509 1870,1510 1948,1517 2035,1513 2036,1461 1946,1455 1867,1458 1789,1439 1710,1433 1632,1442 1554,1439 1475,1436 1391,1418 1319,1414 1241,1414 1162,1432 1084,1433 1023,1423 935,1425 860,1414 774,1429 692,1447 614,1451 533,1438 458,1460"/>
                <Baseline points="458,1488 536,1484 614,1479 692,1475 771,1471 849,1467 927,1464 1006,1463 1084,1461 1162,1460 1241,1460 1319,1460 1397,1461 1475,1464 1554,1467 1632,1470 1710,1475 1789,1481 1867,1486 1945,1493 2024,1502"/>
                <TextEquiv>
                    <Unicode>moni negocia Belli sicut vestra paternitas concinūt scripta optatum sortientur effectum</Unicode>
                </TextEquiv>
            </TextLine>
            <TextLine id="r1l19" custom="readingOrder {index:16;} textStyle {offset:47; length:3;strikethrough:true;}">
                <Coords points="458,1569 536,1568 614,1566 692,1564 773,1576 851,1573 927,1557 1006,1556 1084,1554 1162,1553 1199,1565 1222,1550 1241,1551 1319,1551 1397,1551 1475,1551 1524,1571 1554,1554 1590,1575 1632,1556 1710,1560 1789,1565 1868,1584 1946,1591 2048,1580 2048,1535 1945,1519 1867,1526 1789,1520 1710,1515 1632,1511 1554,1509 1475,1506 1423,1480 1375,1498 1319,1506 1253,1487 1174,1489 1084,1509 1006,1511 936,1497 858,1499 776,1503 699,1494 616,1510 536,1523 458,1524"/>
                <Baseline points="458,1554 536,1553 614,1551 692,1549 771,1547 849,1544 927,1542 1006,1541 1084,1539 1162,1538 1241,1536 1319,1536 1397,1536 1475,1536 1554,1539 1632,1541 1710,1545 1789,1550 1867,1556 1945,1563 2024,1571"/>
                <TextEquiv>
                    <Unicode>pro omni nostra possibilitate zelo fidei omnem opj operam et opem ferre</Unicode>
                </TextEquiv>
            </TextLine>
            <TextLine id="r1l20" custom="readingOrder {index:17;}">
                <Coords points="471,1630 545,1628 619,1627 693,1625 767,1624 842,1622 916,1621 990,1620 1064,1619 1143,1634 1218,1634 1287,1619 1361,1620 1435,1622 1509,1624 1584,1627 1658,1631 1732,1636 1806,1641 1884,1669 1955,1657 1957,1600 1882,1591 1806,1599 1727,1577 1658,1589 1580,1567 1505,1564 1435,1580 1363,1566 1289,1565 1231,1552 1138,1561 1064,1577 999,1567 925,1568 842,1580 770,1572 696,1573 620,1570 546,1571 471,1588"/>
                <Baseline points="471,1616 545,1614 619,1613 693,1611 767,1610 842,1608 916,1607 990,1606 1064,1605 1138,1605 1213,1605 1287,1605 1361,1606 1435,1608 1509,1610 1584,1613 1658,1617 1732,1622 1806,1627 1880,1634 1955,1643"/>
                <TextEquiv>
                    <Unicode>curabimus ut paternitas vestra intelligere valeat nichil in nobis deesse</Unicode>
                </TextEquiv>
            </TextLine>
            <TextLine id="r1l21" custom="readingOrder {index:18;}">
                <Coords points="462,1691 539,1688 615,1692 692,1690 770,1682 848,1681 925,1679 1002,1679 1080,1701 1157,1702 1234,1682 1311,1683 1388,1685 1465,1688 1542,1693 1620,1708 1667,1703 1774,1709 1851,1714 1928,1721 2006,1730 2020,1666 1928,1679 1851,1667 1774,1662 1697,1661 1622,1647 1581,1634 1465,1646 1399,1628 1315,1623 1234,1640 1156,1638 1079,1637 1007,1624 930,1624 848,1639 770,1640 696,1630 619,1632 539,1646 462,1649"/>
                <Baseline points="462,1677 539,1674 616,1672 693,1670 770,1668 848,1667 925,1665 1002,1665 1079,1665 1156,1666 1234,1668 1311,1669 1388,1671 1465,1674 1542,1679 1620,1683 1697,1689 1774,1695 1851,1700 1928,1707 2006,1716"/>
                <TextEquiv>
                    <Unicode>ad tam sancta et desiderati operis consumacionem eciam propria necessitate non</Unicode>
                </TextEquiv>
            </TextLine>
            <TextLine id="r1l22" custom="readingOrder {index:19;} unclear {offset:0; length:7;} unclear {offset:8; length:4;}">
                <Coords points="465,1758 543,1755 622,1753 701,1751 779,1750 858,1749 924,1771 1080,1765 1109,1749 1173,1749 1254,1757 1332,1759 1409,1755 1488,1758 1566,1779 1645,1784 1724,1773 1802,1778 1888,1793 1960,1793 2059,1801 2059,1740 1960,1732 1879,1722 1802,1730 1694,1709 1645,1718 1567,1699 1489,1695 1412,1695 1341,1679 1260,1689 1173,1701 1094,1701 1015,1699 966,1676 858,1701 779,1702 701,1703 622,1705 555,1690 465,1710"/>
                <Baseline points="465,1742 543,1739 622,1737 701,1735 779,1734 858,1733 937,1731 1015,1731 1094,1733 1173,1733 1252,1734 1330,1736 1409,1739 1488,1742 1566,1746 1645,1751 1724,1757 1802,1762 1881,1769 1960,1777 2039,1785"/>
                <TextEquiv>
                    <Unicode>attento nisi tantis ipsarum gwerrarum propriarum strepitibus ac obstaculis</Unicode>
                </TextEquiv>
            </TextLine>
            <TextLine id="r1l23" custom="readingOrder {index:20;} unclear {offset:25; length:5;}">
                <Coords points="466,1839 542,1838 618,1822 695,1821 772,1819 850,1826 927,1826 1003,1818 1080,1818 1157,1818 1209,1831 1310,1821 1387,1823 1464,1827 1541,1829 1618,1833 1695,1837 1772,1841 1848,1867 1926,1853 2003,1860 1999,1798 1922,1791 1853,1788 1776,1783 1697,1777 1620,1773 1541,1781 1464,1779 1387,1775 1339,1755 1271,1755 1234,1771 1157,1770 1140,1744 1121,1738 1080,1770 1003,1770 960,1762 926,1770 849,1770 772,1771 695,1773 616,1763 539,1765 465,1777"/>
                <Baseline points="465,1809 541,1808 618,1806 695,1805 772,1803 849,1802 926,1802 1003,1802 1080,1802 1157,1802 1234,1803 1310,1805 1387,1807 1464,1811 1541,1813 1618,1817 1695,1821 1772,1825 1849,1830 1926,1837 2003,1844"/>
                <TextEquiv>
                    <Unicode>prepediremur propter que ...to apud Deum et homines universos fidei</Unicode>
                </TextEquiv>
            </TextLine>
            <TextLine id="r1l24" custom="readingOrder {index:21;}">
                <Coords points="433,1909 549,1912 625,1890 701,1888 782,1911 853,1887 929,1887 1004,1888 1080,1888 1156,1890 1232,1891 1308,1893 1384,1896 1460,1899 1535,1902 1611,1906 1687,1911 1763,1915 1839,1920 1915,1927 1991,1933 1991,1885 1914,1866 1838,1859 1763,1867 1687,1863 1611,1858 1535,1854 1460,1851 1384,1848 1300,1822 1224,1820 1156,1842 1080,1840 1005,1829 930,1828 853,1839 777,1829 701,1829 641,1832 565,1833 433,1840"/>
                <Baseline points="474,1877 549,1875 625,1874 701,1872 777,1872 853,1871 929,1871 1004,1872 1080,1872 1156,1874 1232,1875 1308,1877 1384,1880 1460,1883 1535,1886 1611,1890 1687,1895 1763,1899 1839,1904 1915,1911 1991,1917"/>
                <TextEquiv>
                    <Unicode>christiane professores licet cum nostri cordis non mediocri amaritudine</Unicode>
                </TextEquiv>
            </TextLine>
            <TextLine id="r1l25" custom="readingOrder {index:22;} unclear {offset:31; length:4;}">
                <Coords points="470,1969 517,1968 564,1966 612,1965 659,1964 700,1997 747,1996 802,1962 862,1976 910,1976 944,1960 991,1960 1039,1960 1087,1987 1135,1987 1181,1960 1229,1962 1276,1962 1324,1963 1371,1963 1419,1965 1442,1910 1371,1915 1326,1893 1276,1914 1229,1914 1181,1912 1134,1912 1086,1912 1039,1912 991,1912 944,1912 897,1912 849,1912 802,1914 754,1914 707,1915 683,1893 612,1917 564,1918 517,1920 480,1933"/>
                <Baseline points="470,1953 517,1952 564,1950 612,1949 659,1948 707,1947 754,1946 802,1946 849,1944 897,1944 944,1944 991,1944 1039,1944 1086,1944 1134,1944 1181,1944 1229,1946 1276,1946 1324,1947 1371,1947 1419,1949"/>
                <TextEquiv>
                    <Unicode>ac molestia exonerari possemus Datꝭ</Unicode>
                </TextEquiv>
            </TextLine>
            <TextEquiv>
                <Unicode>Principes Polonie ad pugnandum cum infidelibus accersiti fuissent Om&#13;
missis tamen nacionibus Barbarorum Regni Polonie nostri Insignem&#13;
et maritinam maritimam partem deinde successive ceteras Regni nostri terras pncipatus et&#13;
fortes occupaure fundatoresque plurimis bellis opportunitate nacta lacessere&#13;
atque delere conati sunt Ad quamquidem pacem consequendam omnes nostros conatus&#13;
in illum finem extendimus ut paccatis undique bellis intestinis Regnoque&#13;
nostro divina favente clemencia reintegrato beatam et desideratam pacem&#13;
habere queamus ut eo licencius Cum Tartaris et aliis infidelibus bellum&#13;
gerere voleamus hiis rimatis non licet vestre paternitati viam nobis ad cupam ascerbendi&#13;
Si ut optaremus votis Apostolicis et Cesareis ac aliorum principum et po&#13;
pulorum Catholicorum ad hoc sanctum negocium ad presens facere neglectis nostris&#13;
rebus nequiremus Rursum in calce ejusdem vestre paternitatis relegimus Gp̄le velle&#13;
ipsam si res cogat ad nos declinare etc Quā rebus fidei et populi christiani&#13;
defensione ud Almania et superioribus partibus occupatam intelligimus et magis&#13;
opus esse indicamus in ibi solicitam Cum Cum nos postquam e...sce&#13;
moni negocia Belli sicut vestra paternitas concinūt scripta optatum sortientur effectum&#13;
pro omni nostra possibilitate zelo fidei omnem opj operam et opem ferre&#13;
curabimus ut paternitas vestra intelligere valeat nichil in nobis deesse&#13;
ad tam sancta et desiderati operis consumacionem eciam propria necessitate non&#13;
attento nisi tantis ipsarum gwerrarum propriarum strepitibus ac obstaculis&#13;
prepediremur propter que ...to apud Deum et homines universos fidei&#13;
christiane professores licet cum nostri cordis non mediocri amaritudine&#13;
ac molestia exonerari possemus Datꝭ</Unicode>
            </TextEquiv>
        </TextRegion>
    </Page>
</PcGts>
