2625 3500
923 1768 1307 1822 Litterae ad Card
310 1745 1999 2035 Reverendissime in Christo pater Amice noster carissime detexit nobis paternitas vestra fervorem
524 2022 1971 2091 eximium quem primum Summus Pontifex noster Sanctissimus pater dominus
506 2079 2022 2146 Calistus deinde vestra paternitas ad corrigendi volmus In capcione urbis Constanti
512 2129 2013 2211 nopolitane acceptum gesserunt gerentque et qualem processum In rescindendo
500 2196 2021 2273 hujusmodi discrimine sunt habituri etc Qui et si superioribus diebus apud nos
500 2255 2043 2352 vulgatas fuerit Gratissimum tamen fuit illum ex litteris paternitatis vestre nobis missis
503 2326 2107 2416 audire Cui ut potenciis nostris adsumis nos paternitas vestra rogare hortarique visare
501 2387 2039 2470 Quemadmodum in id ipsum et Cesareis imitamur et affectamur scriptis Commen
498 2447 1998 2542 danda siquidem est Summi pontificis Cesarea et vestre paternitatis Cura qui periculosum
486 2502 1970 2585 fidei et nominis Christiani hostem ad interempcionem expulsionem prosequi
491 2576 2030 2668 disposuerunt Et quamvis ad hujuste salutiferum opus animus noster extat fervidus
482 2646 2027 2726 et incensus Nichilque gracius concupiscat quam ut iniuriam Salvatoris nostri vin
476 2706 2013 2786 dicaremus et Sancta Religionem Christianam posse nostro incrementaremus Sed
486 2778 1962 2860 quantum mentem nostram tangat in̄titatum nostrarum instancia quarum
488 2840 2000 2924 dum altitudinem inspicimus Preterita presagiantes futura veremur
494 2917 2027 3000 ne Tartarorum rabies obstinata quos dominiis nostris finitimos habemus
489 2980 1986 3069 Qui quantis Terras nostras populantur ausibus Vires nostre et studia vix
