2597 3500
591 477 2160 610 Obsiste illis possunt Ex quo Thartari validiores potencioresque Turcis sunt
635 551 2119 655 multoque frequenciores copias Terrestres quam Turci habeant de quorum
631 602 2124 717 sevicia inhumana paternitas vestra clarissima uti non ambigimus jam per prius
631 662 2141 761 potuit recepisse documenta Quanta studia quantos labores et conatus
621 713 2114 819 gloriosissimi principes Genitor et germanus nostri carissimi clarissime memorie
641 774 2194 889 Ceterique Seculi antiqui de quibus non subsistit memoria Polonie reges
615 828 2201 945 ut infideles Tartari extra fines pellerentur curarunt adhibere Quot expe
620 879 2097 985 diciones indicte generales Quot Thezauri emuncti sunt quot populi
602 937 2160 1047 Christiani gladio necati Nequiuit tamen illorum insolens et detestanda
617 996 2183 1102 crudelitas usque in dies conteri et domari Quin nisi quotidie armorum
592 1057 2081 1146 gentes pluribus Sumptibus et impensis Stipendiate in confiniis
613 1115 2136 1217 Regni pro audacia ipsorum comprimenda ponerentur nostros Regnique
632 1182 2154 1270 immanissimis in personis et rebus afficerent predis aliaque plurima cri
624 1221 2152 1322 stianitatis Regna dirumpent et in exterminium ponerent nisi cum ma
599 1287 2134 1390 gno nostro et Terrarum nostrarum dispendio illorum impetus sustineremus et
636 1350 2192 1459 scutum defensionis nos opponeremus Animadvertentesque nobilis populi
608 1407 2229 1513 christiani omnis sexus in Barbaricam servitutem tempore multo abductionem
550 1462 2156 1572 ubi prede ubi spolia ubi incendia infinita non defuere Cujus misera
626 1514 2151 1612 bilem servitutem in Barbarorum mancipiis ingemiscere nupelluntur
627 1577 2170 1676 Curareque quantum posse tribuit Quantus sub nostro Regimine felici populus
630 1639 2216 1742 doīm Barbaricam amplius non defleret lesionem dabit credimus paternitati vestre
620 1698 2220 1795 fidem id nostrum continuum contra infideles Thartaros bellum Intelliget
617 1749 2127 1857 que nos non patrie dulcore non privatis comodis sed populi christiani
615 1824 2155 1914 salute delectari In morem preclarissimi germani nostri Polonie et
620 1870 2134 1968 Hungarie Regis Quem paternitas vestra pluribus efferens verbis commemorat
606 1931 2133 2034 Turcorum occubuisse nece Qui de salute populi christiani solicitus
624 1997 2091 2083 lare nativo et cognacione propria relictus extra adiit regna non
620 2055 2119 2148 sumptus non pericula non itinerum difficultates non ceterea cujusmodi
630 2117 2168 2199 mala pertimescens Auxerant tamen sibi vires et omnium in eam rem
621 2168 2161 2266 non tam appostolica quam Regum et principum orbis ac populorum
632 2219 2129 2310 catholicorum multa contra Thurcos tam per Terram quam mare
627 2279 2210 2369 pollicita subsidia non destitit tamen pugil verus amore fidei usque mortem
629 2335 2130 2424 dimicare licet illum ut assolet spes fefellisset plurimorum pauca
623 2387 2149 2479 brevitate contenti de illo perstringimus Senilis futuris gesta illius
635 2439 2219 2527 non tam Strennua quam magnifica sempiterna digna memoria relinquentes
636 2499 2149 2600 contestanda Nec minus nos reverendissime pater Rell... fidei domesticorum
636 2560 2181 2660 Cruciferorum nobis ac Regno nostro adversancium impedit et pertinebat
630 2616 2203 2716 quod dominiis nostris pacem pluribus temporibus rescindit et preripit
608 2684 2189 2772 propter quod nec unquam universas copias nostras indiscrimen tocius pugne
638 2733 2129 2820 cum Tartaris inire voluimus inducere sed easdem non absque gra
617 2790 2084 2884 tissimo rerum et personarum dispendio cogebamur Ne trigo a
606 2857 2142 2943 Cruciferis qui ad quemlibet adversum Regni casum stabant ani
626 2912 2223 3008 mis erecti Residuum Regni Polonie quod nondum sue sereanter
638 2989 2142 3086 occupaturi inraderemur Qui et si in has Regiones per Reges et
