2806 3690
1257 789 1958 917 Assignatio pecuniarum super certis bonis
753 849 1529 948 vastitatis Lomaza et Thelostozicina
385 616 2514 1041 Kazimirus Dei gratia rex Polnie magnus dux Lithwanie et heres Russie significamus
525 964 2403 1092 tenore presencium quibus expedit universis quomodo considerantis legalitate et fidelibus serviciis
476 1006 2487 1150 presentibus nobiles Supion et Haurilo Colczkowycz Bakuom et Cnyestach fideles nostri
559 1075 2519 1213 dilecti maiestati nostre exhybuntur et signantur hic in terra Podolya assidua tuicione
550 1137 2440 1256 inimicis nostris resistendo volentesque ipsos ad servicia nostra reddere decetero promciores
598 1196 2430 1318 et speciali nostro gracie favoribus prevenire ipsis in et super vastatibus dictis Lomasa
563 1251 2369 1390 in fluwio Ladawe et Tholostosicina Paszyeka in terra Podolye et districtu
581 1318 2432 1440 Camynyccensy sitis centum marcas monete Cracoviensis et numeri Polonicalium soliti
604 1383 2336 1519 scilicet marca pro qualibet quadraginta octo grossos numerando puta super qualibet illarum vastitate
585 1442 2466 1564 quinquaginta marcas monete et numeri prescriptorum dedimus donavimus damusque
594 1480 2401 1605 et donamus ac inscribimus per presentes cum omni jure et dominio ac cum omnibus et singulis
573 1565 2343 1662 utilitatibus fructibus redditibus universis ad predictas vastitates quomodolibet et ab antiqwo
593 1631 2402 1737 pertinentibus putta agris cultis et colendis pratis campis silwis mericis gaiis
604 1680 2448 1793 borris nemoribus sareptis indaginibus mellificiis fluviis fluminibus lacubus stagnis
579 1756 2430 1856 paludibus piscinis piscaturis rippis riwulis tonentibus aquis et earrum decursibus mo
591 1810 2458 1913 lendinis factis et fiendis et eorum emolimentis per ipsos Supion et Haurio Bakurion
563 1861 2440 1970 Wyeschach et eorum successores legittimos habendis tenendis utifruendis ac pacifico possidendis
599 1923 2430 2032 tamdiu donec prefate centeni marce ipsis aut ipsorum sucessoribus fuerint plenarie per
590 1985 2469 2115 solute quibus ex obitis predictarum vastitatum possessio ad nos aut nostros sucessor
602 2035 2432 2141 res dewoluetur et redundabit pleno jure ita tamen quod predicti Supan et
566 2107 2480 2214 Haurilo Calczyckewiscz Bakuion et Nyesthach et ipsorum legittime successores faciant
586 2177 2393 2274 residenciam personalem Cam casu dō qua prefati Supion et Haurila Caleczkowycz
585 2225 2419 2337 Bakuon et Nyestach in predictis vastatibus aut villis in ipsis latandis residenciam
601 2292 2403 2406 non haberent personalem extunc ipso facto ipsa bona ad nos et nostros sucessores de
538 2364 2370 2468 wolwentur et de eis disponere potuerimus prout nostre placebit maiestati eciam pre
572 2428 2370 2548 pretacti Supion et Haurilo et Bakuon et Nyesthach et eorum successores legittimi
608 2474 2499 2607 ad resistendum inimicis consurge debent et tenebuntur et erunt astricti tociens quociens
614 2542 2442 2645 cumque fuerunt fuerit oportunum juribus tamen nostris regalibus ac stacionibus
594 2600 2403 2747 omnibus semper salutis harum quibus sigillum nostrum presentibus est appensum testimonio
603 2652 2468 2787 litterarum actum et datum in Kamyenecz feria secunda infra octavas Marie Virginis Asumpcionis
503 2752 1928 2888 anno millesiimo quadringentesimo quadragesimo octavo
935 2851 2291 3170 relacio magnifici Johannis de Canyeczpolye
1150 3047 1604 3191 cancellarii etc.
