<?xml version="1.0" encoding="UTF-8" standalone="yes"?>
<PcGts xmlns="http://schema.primaresearch.org/PAGE/gts/pagecontent/2013-07-15" xmlns:xsi="http://www.w3.org/2001/XMLSchema-instance" xsi:schemaLocation="http://schema.primaresearch.org/PAGE/gts/pagecontent/2013-07-15 http://schema.primaresearch.org/PAGE/gts/pagecontent/2013-07-15/pagecontent.xsd">
    <Metadata>
        <Creator>prov=University of Rostock/Institute of Mathematics/CITlab|PLANET AI GmbH/Tobias Gruening/tobias.gruening@planet-ai.de:name=/net_tf/LA73_249_0mod360.pb:de.uros.citlab.segmentation.CITlab_LA_ML:v=2.6.7
Transkribus</Creator>
        <Created>2022-06-08T15:48:21.720+02:00</Created>
        <LastChange>2022-12-21T12:09:00.632+01:00</LastChange>
        <TranskribusMetadata docId="1020853" pageId="43064370" pageNr="27" tsid="87734730" status="IN_PROGRESS" userId="14555" imgUrl="https://files.transkribus.eu/Get?id=NCSPQBRJUBPYLXGBQGIGLTSM&amp;fileType=view" xmlUrl="https://files.transkribus.eu/Get?id=FBNJUNRIHQDQTXVMBJBRUDIO" imageId="35312182"/>
    </Metadata>
    <Page imageFilename="BOss_XVI_Qu.2403-0027.jpg" imageWidth="1854" imageHeight="2398">
        <ReadingOrder>
            <OrderedGroup id="ro_1671620940647" caption="Regions reading order">
                <RegionRefIndexed index="0" regionRef="TextRegion_1656060342929_45"/>
                <RegionRefIndexed index="1" regionRef="TextRegion_1656060346647_50"/>
                <RegionRefIndexed index="2" regionRef="TextRegion_1656060351407_55"/>
                <RegionRefIndexed index="3" regionRef="TextRegion_1656060355270_60"/>
                <RegionRefIndexed index="4" regionRef="TextRegion_1656060358845_65"/>
                <RegionRefIndexed index="5" regionRef="TextRegion_1656060362709_70"/>
                <RegionRefIndexed index="6" regionRef="TextRegion_1656060362709_69"/>
            </OrderedGroup>
        </ReadingOrder>
        <TextRegion orientation="0.0" type="header" id="TextRegion_1656060342929_45" custom="readingOrder {index:0;} structure {type:header;}">
            <Coords points="55,198 1334,198 1334,243 55,243"/>
            <TextLine id="r1l1" custom="readingOrder {index:0;}">
                <Coords points="125,242 179,242 234,242 289,241 344,241 399,241 454,242 509,242 564,242 619,242 674,243 728,243 783,244 838,244 893,244 948,245 1003,246 1058,246 1113,247 1168,247 1223,248 1223,205 1168,204 1113,204 1058,203 1003,203 948,202 893,201 838,201 783,201 728,200 674,200 619,199 564,199 509,199 454,199 399,198 344,198 289,198 234,199 179,199 125,199"/>
                <Baseline points="125,228 179,228 234,228 289,227 344,227 399,227 454,228 509,228 564,228 619,228 674,229 728,229 783,230 838,230 893,230 948,231 1003,232 1058,232 1113,233 1168,233 1223,234"/>
                <TextEquiv>
                    <Unicode>TRES PARTES EPISTOLE COMPLECTENS</Unicode>
                </TextEquiv>
            </TextLine>
            <TextEquiv>
                <Unicode>TRES PARTES EPISTOLE COMPLECTENS</Unicode>
            </TextEquiv>
        </TextRegion>
        <TextRegion orientation="0.0" type="paragraph" id="TextRegion_1656060346647_50" custom="readingOrder {index:1;} structure {type:paragraph;}">
            <Coords points="55,243 1334,243 1334,381 55,381"/>
            <TextLine id="r1l2" custom="readingOrder {index:0;}">
                <Coords points="61,311 122,310 184,310 246,310 308,309 370,309 431,309 493,309 555,310 617,310 679,310 740,311 802,312 864,312 926,313 988,313 1049,314 1111,315 1173,316 1235,317 1297,317 1297,274 1235,274 1173,273 1111,272 1049,271 988,270 926,270 864,269 802,269 740,268 679,267 617,267 555,267 493,266 431,266 370,266 308,266 246,267 184,267 122,267 61,268"/>
                <Baseline points="61,297 122,296 184,296 246,296 308,295 370,295 431,295 493,295 555,296 617,296 679,296 740,297 802,298 864,298 926,299 988,299 1049,300 1111,301 1173,302 1235,303 1297,303"/>
                <TextEquiv>
                    <Unicode>tua non cesserint, et vt exinde quisque te desipere censeat pro</Unicode>
                </TextEquiv>
            </TextLine>
            <TextLine id="line_1656062943085_331" custom="readingOrder {index:1;} heading {offset:13; length:14;}">
                <Coords points="58,333 396,331 423,331 940,332 940,375 668,376 58,376"/>
                <Baseline points="58,362 86,362 114,362 142,362 170,362 198,362 226,362 254,362 282,362 396,360 423,360 450,361 477,361 504,361 532,362 559,362 586,362 613,362 640,362 668,362 695,361 722,361 749,361 776,361 804,361 831,361 858,361 885,361 912,361 940,361"/>
                <TextEquiv>
                    <Unicode>fecto facis. AB ADMOMITIONE</Unicode>
                </TextEquiv>
            </TextLine>
            <TextEquiv>
                <Unicode>tua non cesserint, et vt exinde quisque te desipere censeat pro&#13;
fecto facis. AB ADMOMITIONE</Unicode>
            </TextEquiv>
        </TextRegion>
        <TextRegion orientation="0.0" type="paragraph" id="TextRegion_1656060351407_55" custom="readingOrder {index:2;} structure {type:paragraph;}">
            <Coords points="55,381 1334,381 1334,774 55,774"/>
            <TextLine id="r1l5" custom="readingOrder {index:0;} drop-capital {offset:0; length:4;}">
                <Coords points="58,440 119,440 181,440 242,440 304,441 366,441 427,442 489,442 551,442 612,443 674,444 736,444 797,445 859,445 921,445 982,445 1044,446 1106,446 1167,445 1229,445 1291,444 1291,401 1229,402 1167,402 1106,403 1044,403 982,402 921,402 859,402 797,402 736,401 674,401 612,400 551,399 489,399 427,399 366,398 304,398 242,397 181,397 119,397 58,397"/>
                <Baseline points="58,426 119,426 181,426 242,426 304,427 366,427 427,428 489,428 551,428 612,429 674,430 736,430 797,431 859,431 921,431 982,431 1044,432 1106,432 1167,431 1229,431 1291,430"/>
                <TextEquiv>
                    <Unicode>HAVD liquido intelligo suopte ne an alieno inductus con-</Unicode>
                </TextEquiv>
            </TextLine>
            <TextLine id="r1l6" custom="readingOrder {index:1;}">
                <Coords points="55,506 117,506 179,507 241,507 303,508 365,508 427,509 489,509 551,510 613,511 675,511 737,511 799,512 861,512 923,512 985,513 1047,513 1109,512 1171,512 1233,512 1296,511 1296,468 1233,469 1171,469 1109,469 1047,470 985,470 923,469 861,469 799,469 737,468 675,468 613,468 551,467 489,466 427,466 365,465 303,465 241,464 179,464 117,463 55,463"/>
                <Baseline points="55,492 117,492 179,493 241,493 303,494 365,494 427,495 489,495 551,496 613,497 675,497 737,497 799,498 861,498 923,498 985,499 1047,499 1109,498 1171,498 1233,498 1296,497"/>
                <TextEquiv>
                    <Unicode>silio instantius adhortaris vt ad illustris principis nostri, curi-</Unicode>
                </TextEquiv>
            </TextLine>
            <TextLine id="r1l7" custom="readingOrder {index:2;}">
                <Coords points="59,574 124,574 189,573 254,573 319,573 385,573 450,574 515,575 580,575 645,576 711,577 776,577 841,578 906,578 971,578 1037,578 1102,578 1167,577 1232,576 1298,575 1298,532 1232,533 1167,534 1102,535 1037,535 971,535 906,535 841,535 776,534 711,534 645,533 580,532 515,532 450,531 385,530 319,530 254,530 189,530 124,531 59,531"/>
                <Baseline points="59,560 124,560 189,559 254,559 319,559 385,559 450,560 515,561 580,561 645,562 711,563 776,563 841,564 906,564 971,564 1037,564 1102,564 1167,563 1232,562 1298,561"/>
                <TextEquiv>
                    <Unicode>am sine vlla me deliberatione reciperem, presertim cum ad id</Unicode>
                </TextEquiv>
            </TextLine>
            <TextLine id="r1l8" custom="readingOrder {index:3;}">
                <Coords points="66,640 127,640 189,640 250,640 312,640 373,640 435,640 496,641 558,641 619,642 681,642 743,643 804,643 866,644 927,644 989,644 1050,645 1112,645 1173,645 1235,644 1297,644 1297,601 1235,601 1173,602 1112,602 1050,602 989,601 927,601 866,601 804,600 743,600 681,599 619,599 558,598 496,598 435,597 373,597 312,597 250,597 189,597 127,597 66,597"/>
                <Baseline points="66,626 127,626 189,626 250,626 312,626 373,626 435,626 496,627 558,627 619,628 681,628 743,629 804,629 866,630 927,630 989,630 1050,631 1112,631 1173,631 1235,630 1297,630"/>
                <TextEquiv>
                    <Unicode>eius gratia singulari non tam inuitari tibi videor quam adigi, eam-</Unicode>
                </TextEquiv>
            </TextLine>
            <TextLine id="r1l9" custom="readingOrder {index:4;}">
                <Coords points="61,704 122,704 184,704 246,704 308,704 370,704 431,705 493,706 555,706 617,707 679,708 740,708 802,709 864,709 926,709 988,709 1049,709 1111,709 1173,708 1235,707 1297,705 1297,662 1235,664 1173,665 1111,666 1049,666 988,666 926,666 864,666 802,666 740,665 679,665 617,664 555,663 493,663 431,662 370,661 308,661 246,661 184,661 122,661 61,661"/>
                <Baseline points="61,690 122,690 184,690 246,690 308,690 370,690 431,691 493,692 555,692 617,693 679,694 740,694 802,695 864,695 926,695 988,695 1049,695 1111,695 1173,694 1235,693 1297,691"/>
                <TextEquiv>
                    <Unicode>que me conditione recusantem nulla ratione dicis apud te ex-</Unicode>
                </TextEquiv>
            </TextLine>
            <TextLine id="line_1656063152229_341" custom="readingOrder {index:5;} heading {offset:13; length:6;}">
                <Coords points="65,727 92,726 120,725 202,725 541,726 569,728 596,730 624,735 624,778 65,770"/>
                <Baseline points="65,756 92,755 120,754 147,754 175,754 202,754 230,755 257,755 285,756 313,756 432,757 459,757 486,756 514,755 541,755 569,757 596,759 624,764"/>
                <TextEquiv>
                    <Unicode>cusatum iri. ALIVD.</Unicode>
                </TextEquiv>
            </TextLine>
            <TextEquiv>
                <Unicode>HAVD liquido intelligo suopte ne an alieno inductus con-&#13;
silio instantius adhortaris vt ad illustris principis nostri, curi-&#13;
am sine vlla me deliberatione reciperem, presertim cum ad id&#13;
eius gratia singulari non tam inuitari tibi videor quam adigi, eam-&#13;
que me conditione recusantem nulla ratione dicis apud te ex-&#13;
cusatum iri. ALIVD.</Unicode>
            </TextEquiv>
        </TextRegion>
        <TextRegion orientation="0.0" type="paragraph" id="TextRegion_1656060355270_60" custom="readingOrder {index:3;} structure {type:paragraph;}">
            <Coords points="55,774 1334,774 1334,1154 55,1154"/>
            <TextLine id="r1l13" custom="readingOrder {index:0;}">
                <Coords points="74,830 135,831 196,832 257,832 318,833 380,833 441,834 502,834 563,835 624,835 686,835 747,836 808,836 869,836 930,837 992,837 1053,838 1114,838 1175,838 1236,839 1298,839 1298,809 1236,809 1175,808 1114,808 1053,808 992,807 930,807 869,806 808,806 747,806 686,805 624,805 563,805 502,804 441,804 380,803 318,803 257,802 196,802 135,801 74,800"/>
                <Baseline points="74,820 135,821 196,822 257,822 318,823 380,823 441,824 502,824 563,825 624,825 686,825 747,826 808,826 869,826 930,827 992,827 1053,828 1114,828 1175,828 1236,829 1298,829"/>
                <TextEquiv>
                    <Unicode>¶ Opportune suades et pro amicitia vetere consulis perquam</Unicode>
                </TextEquiv>
            </TextLine>
            <TextLine id="r1l14" custom="readingOrder {index:1;}">
                <Coords points="62,900 124,901 186,902 248,903 310,903 372,904 434,904 496,905 558,905 620,905 683,906 745,906 807,906 869,906 931,906 993,906 1055,905 1117,905 1179,905 1241,905 1304,905 1304,862 1241,862 1179,862 1117,862 1055,862 993,863 931,863 869,863 807,863 745,863 683,863 620,862 558,862 496,862 434,861 372,861 310,860 248,860 186,859 124,858 62,857"/>
                <Baseline points="62,886 124,887 186,888 248,889 310,889 372,890 434,890 496,891 558,891 620,891 683,892 745,892 807,892 869,892 931,892 993,892 1055,891 1117,891 1179,891 1241,891 1304,891"/>
                <TextEquiv>
                    <Unicode>scite vt disciplinarum bonarum commoda omnino preferam his emo</Unicode>
                </TextEquiv>
            </TextLine>
            <TextLine id="r1l15" custom="readingOrder {index:2;}">
                <Coords points="64,967 125,967 187,967 248,968 310,968 371,968 433,969 494,969 556,969 617,969 679,970 740,970 802,970 863,970 925,970 986,970 1048,970 1109,970 1171,970 1232,970 1294,970 1294,927 1232,927 1171,927 1109,927 1048,927 986,927 925,927 863,927 802,927 740,927 679,927 617,926 556,926 494,926 433,926 371,925 310,925 248,925 187,924 125,924 64,924"/>
                <Baseline points="64,953 125,953 187,953 248,954 310,954 371,954 433,955 494,955 556,955 617,955 679,956 740,956 802,956 863,956 925,956 986,956 1048,956 1109,956 1171,956 1232,956 1294,956"/>
                <TextEquiv>
                    <Unicode>lumentis vniuersis, quę ex officina curę familiaris et rei do-</Unicode>
                </TextEquiv>
            </TextLine>
            <TextLine id="r1l16" custom="readingOrder {index:3;}">
                <Coords points="60,1029 121,1028 182,1028 244,1028 305,1028 367,1028 428,1029 490,1029 551,1030 613,1031 674,1032 735,1033 797,1034 858,1034 920,1035 981,1035 1043,1036 1104,1036 1166,1035 1227,1035 1289,1034 1289,991 1227,992 1166,992 1104,993 1043,993 981,992 920,992 858,991 797,991 735,990 674,989 613,988 551,987 490,986 428,986 367,985 305,985 244,985 182,985 121,985 60,986"/>
                <Baseline points="60,1015 121,1014 182,1014 244,1014 305,1014 367,1014 428,1015 490,1015 551,1016 613,1017 674,1018 735,1019 797,1020 858,1020 920,1021 981,1021 1043,1022 1104,1022 1166,1021 1227,1021 1289,1020"/>
                <TextEquiv>
                    <Unicode>mesticę forent euentura, emanaturaque, perinde et admones</Unicode>
                </TextEquiv>
            </TextLine>
            <TextLine id="r1l18" custom="readingOrder {index:4;}">
                <Coords points="67,1096 128,1095 189,1095 251,1096 312,1096 374,1096 435,1096 497,1096 558,1097 620,1097 681,1098 742,1098 804,1099 865,1100 927,1100 988,1101 1050,1102 1111,1103 1173,1104 1234,1104 1296,1105 1296,1062 1234,1061 1173,1061 1111,1060 1050,1059 988,1058 927,1057 865,1057 804,1056 742,1055 681,1055 620,1054 558,1054 497,1053 435,1053 374,1053 312,1053 251,1053 189,1052 128,1052 67,1053"/>
                <Baseline points="67,1082 128,1081 189,1081 251,1082 312,1082 374,1082 435,1082 497,1082 558,1083 620,1083 681,1084 742,1084 804,1085 865,1086 927,1086 988,1087 1050,1088 1111,1089 1173,1090 1234,1090 1296,1091"/>
                <TextEquiv>
                    <Unicode>vt reliquum vitę sub earundem disciplinarum iugi inuestigatione</Unicode>
                </TextEquiv>
            </TextLine>
            <TextLine id="line_1656063304828_361" custom="readingOrder {index:5;} heading {offset:24; length:10;}">
                <Coords points="61,1118 137,1117 189,1117 574,1120 906,1123 932,1124 983,1128 1008,1131 1034,1135 1060,1141 1060,1180 61,1161"/>
                <Baseline points="61,1147 86,1147 112,1147 137,1146 163,1146 189,1146 214,1147 240,1147 266,1147 291,1147 317,1147 343,1148 368,1148 394,1148 420,1148 445,1148 471,1149 497,1149 522,1149 548,1149 574,1149 702,1149 727,1150 753,1150 778,1150 804,1150 829,1150 855,1149 881,1149 906,1149 932,1150 957,1152 983,1154"/>
                <TextEquiv>
                    <Unicode>splendidius traducerem. CONTRARIA.</Unicode>
                </TextEquiv>
            </TextLine>
            <TextEquiv>
                <Unicode>¶ Opportune suades et pro amicitia vetere consulis perquam&#13;
scite vt disciplinarum bonarum commoda omnino preferam his emo&#13;
lumentis vniuersis, quę ex officina curę familiaris et rei do-&#13;
mesticę forent euentura, emanaturaque, perinde et admones&#13;
vt reliquum vitę sub earundem disciplinarum iugi inuestigatione&#13;
splendidius traducerem. CONTRARIA.</Unicode>
            </TextEquiv>
        </TextRegion>
        <TextRegion orientation="0.0" type="paragraph" id="TextRegion_1656060358845_65" custom="readingOrder {index:4;} structure {type:paragraph;}">
            <Coords points="55,1154 1334,1154 1334,1485 55,1485"/>
            <TextLine id="r1l21" custom="readingOrder {index:0;} drop-capital {offset:0; length:8;}">
                <Coords points="62,1220 123,1222 185,1224 247,1225 309,1226 371,1227 432,1228 494,1229 556,1229 618,1230 680,1231 741,1231 803,1231 865,1232 927,1232 989,1232 1050,1233 1112,1233 1174,1233 1236,1233 1298,1234 1298,1195 1236,1194 1174,1194 1112,1194 1050,1194 989,1193 927,1193 865,1193 803,1192 741,1192 680,1192 618,1191 556,1190 494,1190 432,1189 371,1188 309,1187 247,1186 185,1185 123,1183 62,1181"/>
                <Baseline points="62,1207 123,1209 185,1211 247,1212 309,1213 371,1214 432,1215 494,1216 556,1216 618,1217 680,1218 741,1218 803,1218 865,1219 927,1219 989,1219 1050,1220 1112,1220 1174,1220 1236,1220 1298,1221"/>
                <TextEquiv>
                    <Unicode>NOLVISTI ea humanitate in me vti, vt ex te nouissem inter</Unicode>
                </TextEquiv>
            </TextLine>
            <TextLine id="r1l22" custom="readingOrder {index:1;}">
                <Coords points="64,1289 126,1289 188,1289 250,1289 312,1289 375,1290 437,1290 499,1291 561,1292 623,1293 686,1293 748,1294 810,1295 872,1296 934,1296 997,1297 1059,1297 1121,1297 1183,1297 1245,1297 1308,1296 1308,1253 1245,1254 1183,1254 1121,1254 1059,1254 997,1254 934,1253 872,1253 810,1252 748,1251 686,1250 623,1250 561,1249 499,1248 437,1247 375,1247 312,1246 250,1246 188,1246 126,1246 64,1246"/>
                <Baseline points="64,1275 126,1275 188,1275 250,1275 312,1275 375,1276 437,1276 499,1277 561,1278 623,1279 686,1279 748,1280 810,1281 872,1282 934,1282 997,1283 1059,1283 1121,1283 1183,1283 1245,1283 1308,1282"/>
                <TextEquiv>
                    <Unicode>tot parentum instructas insidias in vtram mihi partem fuerat</Unicode>
                </TextEquiv>
            </TextLine>
            <TextLine id="r1l23" custom="readingOrder {index:2;}">
                <Coords points="70,1355 131,1354 192,1353 253,1353 315,1353 376,1353 437,1354 499,1355 560,1355 621,1356 683,1357 744,1358 805,1358 866,1359 928,1360 989,1360 1050,1360 1112,1360 1173,1360 1234,1359 1296,1358 1296,1315 1234,1316 1173,1317 1112,1317 1050,1317 989,1317 928,1317 866,1316 805,1315 744,1315 683,1314 621,1313 560,1312 499,1312 437,1311 376,1310 315,1310 253,1310 192,1310 131,1311 70,1312"/>
                <Baseline points="70,1341 131,1340 192,1339 253,1339 315,1339 376,1339 437,1340 499,1341 560,1341 621,1342 683,1343 744,1344 805,1344 866,1345 928,1346 989,1346 1050,1346 1112,1346 1173,1346 1234,1345 1296,1344"/>
                <TextEquiv>
                    <Unicode>diuertendum, cum singulas percalluisse prior omnium diceris:</Unicode>
                </TextEquiv>
            </TextLine>
            <TextLine id="r1l24" custom="readingOrder {index:3;}">
                <Coords points="66,1419 128,1419 190,1419 252,1419 314,1419 376,1420 438,1420 500,1420 562,1421 624,1421 686,1422 748,1422 810,1423 872,1423 934,1424 996,1424 1058,1424 1120,1425 1182,1425 1244,1425 1306,1426 1306,1383 1244,1382 1182,1382 1120,1382 1058,1381 996,1381 934,1381 872,1380 810,1380 748,1379 686,1379 624,1378 562,1378 500,1377 438,1377 376,1377 314,1376 252,1376 190,1376 128,1376 66,1376"/>
                <Baseline points="66,1405 128,1405 190,1405 252,1405 314,1405 376,1406 438,1406 500,1406 562,1407 624,1407 686,1408 748,1408 810,1409 872,1409 934,1410 996,1410 1058,1410 1120,1411 1182,1411 1244,1411 1306,1412"/>
                <TextEquiv>
                    <Unicode>Qua in re illud oportunum mihi fore intueor; vt te negligentissi</Unicode>
                </TextEquiv>
            </TextLine>
            <TextLine id="line_1656063541621_372" custom="readingOrder {index:4;} heading {offset:42; length:6;}">
                <Coords points="62,1441 183,1441 873,1444 1176,1446 1202,1448 1202,1491 670,1489 508,1488 62,1484"/>
                <Baseline points="62,1470 102,1470 143,1470 183,1470 224,1471 264,1471 305,1472 345,1472 386,1472 426,1473 467,1473 508,1474 548,1474 589,1474 629,1474 670,1475 710,1475 751,1474 791,1474 832,1474 873,1473 1000,1475 1025,1476 1050,1476 1075,1475 1101,1475 1126,1475 1151,1475 1176,1475 1202,1477"/>
                <TextEquiv>
                    <Unicode>mum esse mei fuisseque semper intelligam. ALIVD.</Unicode>
                </TextEquiv>
            </TextLine>
            <TextEquiv>
                <Unicode>NOLVISTI ea humanitate in me vti, vt ex te nouissem inter&#13;
tot parentum instructas insidias in vtram mihi partem fuerat&#13;
diuertendum, cum singulas percalluisse prior omnium diceris:&#13;
Qua in re illud oportunum mihi fore intueor; vt te negligentissi&#13;
mum esse mei fuisseque semper intelligam. ALIVD.</Unicode>
            </TextEquiv>
        </TextRegion>
        <TextRegion orientation="0.0" type="paragraph" id="TextRegion_1656060362709_70" custom="readingOrder {index:5;} structure {type:paragraph;}">
            <Coords points="55,1485 1334,1485 1334,1744 55,1744"/>
            <TextLine id="r1l27" custom="readingOrder {index:0;}">
                <Coords points="65,1551 130,1551 195,1551 260,1551 325,1551 391,1551 456,1551 521,1552 586,1552 651,1552 717,1553 782,1553 847,1553 912,1554 977,1554 1043,1554 1108,1554 1173,1554 1238,1554 1304,1554 1304,1511 1238,1511 1173,1511 1108,1511 1043,1511 977,1511 912,1511 847,1510 782,1510 717,1510 651,1509 586,1509 521,1509 456,1508 391,1508 325,1508 260,1508 195,1508 130,1508 65,1508"/>
                <Baseline points="65,1537 130,1537 195,1537 260,1537 325,1537 391,1537 456,1537 521,1538 586,1538 651,1538 717,1539 782,1539 847,1539 912,1540 977,1540 1043,1540 1108,1540 1173,1540 1238,1540 1304,1540"/>
                <TextEquiv>
                    <Unicode>¶ Nulla ratione, nullisque te vti video consilijs tuis in rebus quae</Unicode>
                </TextEquiv>
            </TextLine>
            <TextLine id="r1l28" custom="readingOrder {index:1;}">
                <Coords points="55,1611 117,1612 179,1613 241,1614 303,1615 365,1615 427,1616 489,1616 551,1616 613,1617 675,1617 737,1617 799,1617 861,1617 923,1617 985,1617 1047,1617 1109,1617 1171,1617 1233,1617 1295,1617 1295,1574 1233,1574 1171,1574 1109,1574 1047,1574 985,1574 923,1574 861,1574 799,1574 737,1574 675,1574 613,1574 551,1573 489,1573 427,1573 365,1572 303,1572 241,1571 179,1570 117,1569 55,1568"/>
                <Baseline points="55,1597 117,1598 179,1599 241,1600 303,1601 365,1601 427,1602 489,1602 551,1602 613,1603 675,1603 737,1603 799,1603 861,1603 923,1603 985,1603 1047,1603 1109,1603 1171,1603 1233,1603 1295,1603"/>
                <TextEquiv>
                    <Unicode>proposita in eis necessitate ardua et admodum cura difficili non</Unicode>
                </TextEquiv>
            </TextLine>
            <TextLine id="r1l29" custom="readingOrder {index:2;}">
                <Coords points="62,1674 124,1676 186,1677 248,1678 310,1679 372,1679 434,1680 497,1680 559,1680 621,1680 683,1680 745,1680 807,1680 869,1680 932,1680 994,1681 1056,1681 1118,1682 1180,1683 1242,1684 1305,1685 1305,1642 1242,1641 1180,1640 1118,1639 1056,1638 994,1638 932,1637 869,1637 807,1637 745,1637 683,1637 621,1637 559,1637 497,1637 434,1637 372,1636 310,1636 248,1635 186,1634 124,1633 62,1631"/>
                <Baseline points="62,1660 124,1662 186,1663 248,1664 310,1665 372,1665 434,1666 497,1666 559,1666 621,1666 683,1666 745,1666 807,1666 869,1666 932,1666 994,1667 1056,1667 1118,1668 1180,1669 1242,1670 1305,1671"/>
                <TextEquiv>
                    <Unicode>adeo temere negligende tibi forent. Iccirco vereor aliquod</Unicode>
                </TextEquiv>
            </TextLine>
            <TextLine id="r1l30" custom="readingOrder {index:3;}">
                <Coords points="68,1739 125,1740 183,1741 241,1742 298,1742 356,1743 414,1743 471,1744 529,1744 587,1744 645,1744 702,1744 760,1745 818,1745 875,1745 933,1746 991,1746 1048,1747 1106,1747 1164,1748 1222,1749 1222,1706 1164,1705 1106,1704 1048,1704 991,1703 933,1703 875,1702 818,1702 760,1702 702,1701 645,1701 587,1701 529,1701 471,1701 414,1700 356,1700 298,1699 241,1699 183,1698 125,1697 68,1696"/>
                <Baseline points="68,1725 125,1726 183,1727 241,1728 298,1728 356,1729 414,1729 471,1730 529,1730 587,1730 645,1730 702,1730 760,1731 818,1731 875,1731 933,1732 991,1732 1048,1733 1106,1733 1164,1734 1222,1735"/>
                <TextEquiv>
                    <Unicode>inde precipicium euenturum aliquando plurimo malo tuo.</Unicode>
                </TextEquiv>
            </TextLine>
            <TextEquiv>
                <Unicode>¶ Nulla ratione, nullisque te vti video consilijs tuis in rebus quae&#13;
proposita in eis necessitate ardua et admodum cura difficili non&#13;
adeo temere negligende tibi forent. Iccirco vereor aliquod&#13;
inde precipicium euenturum aliquando plurimo malo tuo.</Unicode>
            </TextEquiv>
        </TextRegion>
        <TextRegion orientation="0.0" type="paragraph" id="TextRegion_1656060362709_69" custom="readingOrder {index:6;} structure {type:paragraph;}">
            <Coords points="55,1744 1334,1744 1334,2080 55,2080"/>
            <TextLine id="r1l32" custom="readingOrder {index:0;} drop-capital {offset:0; length:15;}">
                <Coords points="65,1802 126,1802 187,1802 249,1802 310,1803 371,1803 433,1804 494,1805 555,1805 617,1806 678,1806 739,1807 801,1808 862,1808 923,1809 985,1809 1046,1810 1107,1810 1169,1810 1230,1811 1292,1811 1292,1778 1230,1778 1169,1777 1107,1777 1046,1777 985,1776 923,1776 862,1775 801,1775 739,1774 678,1773 617,1773 555,1772 494,1772 433,1771 371,1770 310,1770 249,1769 187,1769 126,1769 65,1769"/>
                <Baseline points="65,1791 126,1791 187,1791 249,1791 310,1792 371,1792 433,1793 494,1794 555,1794 617,1795 678,1795 739,1796 801,1797 862,1797 923,1798 985,1798 1046,1799 1107,1799 1169,1799 1230,1800 1292,1800"/>
                <TextEquiv>
                    <Unicode>A SPE SINGULARE iudicium sperandi de te colligere</Unicode>
                </TextEquiv>
            </TextLine>
            <TextLine id="r1l34" custom="readingOrder {index:1;}">
                <Coords points="58,1871 119,1872 181,1872 243,1872 305,1873 367,1873 428,1874 490,1874 552,1874 614,1875 676,1875 737,1876 799,1876 861,1877 923,1877 985,1878 1046,1878 1108,1879 1170,1880 1232,1880 1294,1881 1294,1838 1232,1837 1170,1837 1108,1836 1046,1835 985,1835 923,1834 861,1834 799,1833 737,1833 676,1832 614,1832 552,1831 490,1831 428,1831 367,1830 305,1830 243,1829 181,1829 119,1829 58,1828"/>
                <Baseline points="58,1857 119,1858 181,1858 243,1858 305,1859 367,1859 428,1860 490,1860 552,1860 614,1861 676,1861 737,1862 799,1862 861,1863 923,1863 985,1864 1046,1864 1108,1865 1170,1866 1232,1866 1294,1867"/>
                <TextEquiv>
                    <Unicode>me fecisti, et hanc rationem habere certissimam ex meritorum tuorum</Unicode>
                </TextEquiv>
            </TextLine>
            <TextLine id="r1l35" custom="readingOrder {index:2;}">
                <Coords points="61,1938 126,1938 191,1938 256,1939 321,1939 387,1940 452,1941 517,1941 582,1941 647,1942 713,1942 778,1943 843,1943 908,1943 973,1944 1039,1944 1104,1944 1169,1944 1234,1944 1300,1943 1300,1900 1234,1901 1169,1901 1104,1901 1039,1901 973,1901 908,1900 843,1900 778,1900 713,1899 647,1899 582,1898 517,1898 452,1898 387,1897 321,1896 256,1896 191,1895 126,1895 61,1895"/>
                <Baseline points="61,1924 126,1924 191,1924 256,1925 321,1925 387,1926 452,1927 517,1927 582,1927 647,1928 713,1928 778,1929 843,1929 908,1929 973,1930 1039,1930 1104,1930 1169,1930 1234,1930 1300,1929"/>
                <TextEquiv>
                    <Unicode>crebritate quę in me vberrime et cumulata fateor et abun-</Unicode>
                </TextEquiv>
            </TextLine>
            <TextLine id="r1l36" custom="readingOrder {index:3;}">
                <Coords points="64,2002 125,2003 187,2004 249,2005 311,2005 373,2006 435,2006 497,2006 559,2006 621,2007 683,2007 744,2007 806,2007 868,2008 930,2008 992,2008 1054,2009 1116,2010 1178,2011 1240,2012 1302,2013 1302,1970 1240,1969 1178,1968 1116,1967 1054,1966 992,1965 930,1965 868,1965 806,1964 744,1964 683,1964 621,1964 559,1963 497,1963 435,1963 373,1963 311,1962 249,1962 187,1961 125,1960 64,1959"/>
                <Baseline points="64,1988 125,1989 187,1990 249,1991 311,1991 373,1992 435,1992 497,1992 559,1992 621,1993 683,1993 744,1993 806,1993 868,1994 930,1994 992,1994 1054,1995 1116,1996 1178,1997 1240,1998 1302,1999"/>
                <TextEquiv>
                    <Unicode>dantius quam meruerim fusa extitisse vt si quotiens necessitate</Unicode>
                </TextEquiv>
            </TextLine>
            <TextLine id="r1l37" custom="readingOrder {index:4;}">
                <Coords points="64,2072 126,2073 188,2073 250,2074 312,2075 374,2076 436,2076 498,2077 560,2077 622,2078 684,2078 746,2079 808,2079 870,2079 932,2080 994,2080 1056,2080 1118,2080 1180,2080 1242,2080 1304,2079 1304,2036 1242,2037 1180,2037 1118,2037 1056,2037 994,2037 932,2037 870,2036 808,2036 746,2036 684,2035 622,2035 560,2034 498,2034 436,2033 374,2033 312,2032 250,2031 188,2030 126,2030 64,2029"/>
                <Baseline points="64,2058 126,2059 188,2059 250,2060 312,2061 374,2062 436,2062 498,2063 560,2063 622,2064 684,2064 746,2065 808,2065 870,2065 932,2066 994,2066 1056,2066 1118,2066 1180,2066 1242,2066 1304,2065"/>
                <TextEquiv>
                    <Unicode>te adactum me esse dinoueris non deferas opem tuam implorantem</Unicode>
                </TextEquiv>
            </TextLine>
            <TextEquiv>
                <Unicode>A SPE SINGULARE iudicium sperandi de te colligere&#13;
me fecisti, et hanc rationem habere certissimam ex meritorum tuorum&#13;
crebritate quę in me vberrime et cumulata fateor et abun-&#13;
dantius quam meruerim fusa extitisse vt si quotiens necessitate&#13;
te adactum me esse dinoueris non deferas opem tuam implorantem</Unicode>
            </TextEquiv>
        </TextRegion>
    </Page>
</PcGts>
