1834 2394
504 199 1582 244 IO. SACRNO MODVS EPISTOLANDI.
504 265 1733 301 cipere pro vetere amicitia qua tibi coniunctissime afficior post-
504 332 1744 369 eaque tamen negotijs varijs retrahi me oportuit, diligentiam me
507 391 1474 438 am apud te representatam habe. ALIVD.
504 460 1744 502 ¶ Potes non obscure intelligere non ad hoc me Craccouia con-
513 521 1747 571 stitutum vt voluptati aut ineptitudinibus (quas puer adhuc
513 586 1750 636 exhorrui) intenderem; claris potius atque honestis disciplinis
514 653 1750 703 studeo, in quarum officina quidem versatus quantum curę & inui-
512 717 1751 767 gilantię, quantum quoque sollicitudinis et elucubrationis consu-
504 788 1760 832 mam ipsi mihi conscius sum vt sic pulchro quandoque documento
520 850 1518 899 consumatior euaderem. CONTRARIA.
526 911 1755 962 NVLLA ego in hoc in culpa sum que me segniorem atque minus
525 980 1756 1030 diligentem in scribendo tibi fore dicis, tuo des vitio qui te in-
529 1046 1464 1094 de abiturum palam testabaris. ALIVD.
524 1103 1769 1159 ¶ Tarditatem et indiligentiam meam (par est) accuses cum in vo
515 1170 1765 1223 to tuo testudine inertius incedere videor, tot nanque curis assi
522 1237 1767 1290 due obruor; tot et proteror sollicitudinibus, vt nec amicorum
526 1307 1467 1357 voto nec meopte mihi more viuere conuenit.
914 1370 1376 1418 A VOLUNTATE.
527 1429 1773 1484 SI ANIMADVERTERES / attenderesque que mens / quęue
526 1493 1773 1547 voluntas mea fuerit et sit eo vsque erga te, alium vtique te fortasse
504 1559 1772 1614 gereres. Nimirum agis vt nullius amicitia te indigere monstres
504 1622 1769 1678 ALIVD. ¶ In hoc voluntatis meę precipuum indicium intelli
532 1688 1768 1745 gere potuisti, cum te hortatus fueram ne Craccouia decede-
522 1753 1769 1811 res quid futurum de te in animo statueram, cunquetuo magis impe
535 1822 1774 1878 tui quid consilijs meis parueris breui disces quantum ea tibi viuen
538 1891 1512 1943 di libertas incommodarit. CONTRARIA
546 1950 1768 2009 VOLO in mea voluntate liber esse, quam hactenus perpule-
531 2021 1772 2082 ras, et in eam vsque coegeras necessitatem vt arbitrio tuo viue
