1897 2408
40 156 1285 234 EPISTOLAE IOANNIS SACRANI, SACRAE THEO
134 223 1238 298 LOGIAE DOCTORIS, CANONICI CRACCO-
273 293 1107 354 VIENSIS, NOSTRA AETATE ORA
327 360 1025 416 TORIS EXCELLENTISSIMI.
65 458 1311 537 IOANNES SACRANVS INGENVIS POLONICI GE
159 524 1222 596 NERIS ADOLESCENTIBVS CVRAE SVAE
314 592 1124 661 CREDITIS ET DEDITIS S, P, D.
26 672 372 978 G
431 683 1315 746 AVDEO me iam pene spe perdita non esse
435 752 1305 812 frustratum, qui post tot monita salubria,
424 815 1316 877 de exercenda aetate vestra in bonis doctrinis
432 881 1320 941 data, eo redijsse vos / affectu multo video, vn
96 953 1320 1014 de excidisse dolueram. Equidem vehementer
89 1018 1320 1062 facitis, vt iam vobis magis atque magis affici me oporteat, quum
83 1077 1317 1135 ad mentem recoepti, tractabiliores vos futuros premonstratis.
82 1140 1328 1200 Ponite oro castis vestris in animis, nil pulchrius, atque ętati ve-
83 1209 1323 1265 strę conducibilius posse fieri, quam iuuentam ipsam (quam e uestigio
83 1269 1325 1328 non sine dolore, atque penitudine posituri estis) ita doctrinis bo
93 1333 1323 1394 nis, et pulchris exercere virtutibus, vt animi nobilitas celebritati
97 1399 1321 1458 generis perpulchre peroptimeque consonaret. Non gerite oro
96 1466 1328 1523 gloriam vmbratilem, vt ex maiorum dumtaxtat vestrorum probata
98 1529 1325 1586 virtute laudem vendicaturi vobis sitis. Hęc profecto immorta
99 1594 1324 1651 talis et vera laus futura est. Quam peculiari virtute assidua
99 1659 1141 1714 elucubratione studebitis vobis comparare. Valete.
235 1721 1167 1776 IO. SACRA. EISDEM SVIS SALVTEM
42 1760 227 1897 S
217 1789 1328 1842 VNT qui vos accusant, eius turbae esse reos, quę po
94 1852 1317 1908 stridie huius diei facta publicatur. Num eiusmodi dela-
98 1919 1318 1975 tio sit vera an ne, me preteriter. Si fieret tamen, non sine quo-
110 1986 1336 2043 dam animi motu factum admitterem, quum presertim longe aliud
1147 2052 1219 2102 F 2
