1865 2382
168 206 1322 253 TRES PARTES EPISTOLE COMPECTENS
94 277 1322 325 si sana mente ad omnia ruris oblectamenta spectanda, et perquiren-
108 345 1322 389 da commoda te receperis; non erit quod execratione dignum audeas
103 413 1322 454 reputare. Inuenies illic esse nihil quod non ad dulcem et honestam
103 478 1304 533 te vitę rationem inuitaret. AB ADMONITIONE.
109 546 1322 584 QVAPROPTER persuasum tibi putes alumnos vires con
105 614 1322 647 tagionis peste vexari non posse, cum illic saluberrima sint om-
99 681 1322 715 nia, et frugalitati atque parsimonię deptuanda. Sic neque in con
103 740 1149 783 ditionem deteriorem procumbituros atque per ducturos
383 804 1094 846 A QVALITATE PERSONE.
95 858 1319 921 ILLIBERALIS animus, non loco sed suo vitio degenerare
95 937 1322 977 solet, et qualia quisque in stomacho initio vitia concoxerit, ta-
100 999 1013 1056 lia vbiuis eum pre se ferre conueniet.
124 1069 1282 1108 DVCTVS CONTRARIVS A VOLVPTATERE
365 1134 1289 1204 trahens initium ab admonitione.
85 1196 1322 1239 HORTATVR me Fuluiane Ioannes singularis amicitię vir-
86 1263 1322 1304 tus quę semper tecum mihi communis fuerat, tale ad te literarum
80 1326 1322 1370 dare munus, quod et consentaneum amicitię et tuę foret com-
99 1392 1316 1457 modius honestati. A FAMA.
100 1461 1322 1499 CVM te presertim petulanter ac improbe, in flagitiosos repen
96 1520 1322 1562 te corruisse mores, late fusa passim fama deferat et accuset.
104 1587 1322 1627 A SPE PLVRIMVM ingrata et iniocunda nobis quos spe
96 1653 1106 1687 et expectatione boni de te polliciti eousque aluisti.
441 1713 947 1754 AB ESTIMATIONE.
103 1782 1322 1822 QVIS vnquam credidisset que ad tantarum impudicitiarum agmen
103 1848 1322 1888 tererrimum penitus dedendus, atque in hanc vitę voluptatem mi
95 1914 1322 1954 seram conijciendus totus fores, quę in omni tibi sensu impli-
100 1978 1161 2022 cata insidens, iamque te lumine rationis excecauit
89 2048 1322 2089 A DESIDERIO VELLEM stultitię te argueres, et ad quae
1113 2112 1213 2154 F 2
