1881 2403
208 187 1284 246 TRES PARTES EPISTOLE COMPLECTENS
139 256 1369 319 claruit, quanto desipientię, aut alterius alicuius valitudinis mor-
135 319 798 364 bo diuexetur. ALIVD.
129 386 1353 448 ¶ Iam binis ad te literis datis exposui, quantis incommoditatibus
128 452 1367 514 assidue me laborare opporteat, ratione incurię tuę, qua ne-
129 516 1358 578 glectum tantum sustineo, ne me patiaris oro deinceps despera
130 582 1355 646 tione cruciari, et de te querendi habere occasionem perpetuam.
539 651 899 700 CONTRARIA.
121 707 1354 772 RETVLI tibi quanta dici de te pridem audieram, idque volui tuo
122 775 1362 839 in animo consepultam esse; cunque te adeo futilem factum vide-
124 843 1357 900 am qui dumtaxat reticere solitus es quod nescias, nolo post
122 907 1217 959 hac rerum quidpiam ex me intelligas. ALIVD
123 966 1358 1033 ¶ Relatio quam ad te feceram indigna fortasse auditu tuo visa
124 1033 1355 1100 est, quam etiam ob rem est per te data contemptui, reuera mode
122 1101 1351 1162 rabo me et agam ut cariora verba mea apud te sint, ne super
123 1172 1067 1218 his fastidire et obstupescere possent aures tuę.
124 1287 1354 1334 AB HIS locis itaque ceu quibusdam ex fontibus literarum om
120 1333 1356 1392 nium, a nostra persona exorsa, facile deducemus. Vbi quoque
124 1385 1364 1446 animaduertendum duco, non ea sola capita attentanda fore, sic que
114 1440 1357 1497 non ab eis omnino liceat digredi, imo verius idem habendus
120 1492 1361 1550 respectus erit, et in eas voces quę illis cum in aliqua proprietate
118 1541 1368 1602 tum in significantia vicinę reputatę fuerint, quemadmodum clare
120 1592 842 1643 monstratum est pluribus exemplis.
213 1644 1209 1706 DE PERSONA AD QVAM SCRIBITVR
88 1714 196 1827 E
181 1683 1353 1768 T quamuis hij quoque loci censerentur ęque sufficere ad ra-
181 1750 1355 1819 tionem inuentionis principiorum ab ea persona cui inscribende
189 1813 1365 1869 et demandandę literę veniunt, quam secundam personam di-
125 1867 1361 1927 cimus, vt minus eruditis tamen ingenijs eius aggrediende rei
117 1919 1361 1982 planior via demonstretur, non erit onerosum ad aliquos interse-
124 1975 1364 2039 rendos locos conferre calamum, vnde cetera quęque elici conficique
104 2033 1357 2091 sane poterunt. Et hi quoque numero sunt xij. Humanitas / volun-
1134 2108 1236 2151 C 2
