1827 2408
274 176 1242 226 VITA BEATI IOANNIS CANTII.
102 237 276 374 C
285 257 1160 306 ARMINE ne sileas mecum mea tibia laudes
298 322 1177 374 Gentis hyperboreę, cuius nunc gloria celsi
148 387 1057 448 Crescat in immensum, diuis poscentibus odas
137 453 1007 512 Atque tuos titulos extremo tempore cerne
149 520 1106 575 Quos memor ipse tui caelo ornat Iuppiter alto
142 586 1127 639 Nomine de Gracchi Graccouia condita quondam
144 652 1086 704 ¶ Panditur e caelo terris quod tempore longo
154 716 970 772 Iam latuit primis visentibus vltima fatis
148 781 1117 838 Secula, dum meritis poscentibus ecce refulget
144 845 986 902 Lux decus atque pater patrię tutela salutis
145 909 1003 966 Nobis Cantinus notus probitate Ioannes
149 976 1068 1028 Hacque suam specula quisꝗs conspicere vitam
148 1040 1007 1096 Ipse potes quis sit? toti bene noscitur vrbi
156 1108 1082 1161 ¶ Est locus Arcturo Canti cognomine dicunt
156 1173 1022 1223 Proximus et metas, illic contermina ponit
153 1237 1087 1288 Slesia, nec procul a Gracchi sunt condita sede
150 1299 1088 1353 Oppida, quę iustus semper terit vsque colonus
158 1363 1091 1420 Subdola non illic fraus, nec lis paupere regno
158 1428 969 1483 Garrula nec vino visit discordia mensas
169 1497 1076 1544 Vna quies animis, vna est et corde voluntas.
158 1558 1018 1609 ¶ Nascitur inde puer tali de stirpe Ioannes
160 1621 920 1675 Atque suos artus nuda tellure reponit
153 1686 1134 1738 Excipit hunc primis gentibus dum casta Lucina
156 1752 1089 1808 Fouit, et innocuos annos moderamine seruat
158 1819 1107 1872 Ne fas sit sceleri fragilem maculasse iuuentam
156 1886 1017 1939 Non via sic pateat lasciuos trita per annos
159 1955 1066 2006 Non illi teneros suasit quis condere ludos
152 2026 1059 2077 Aut ea quę pariles poterat tentare voluptas
1388 321 1638 358 Laus gentis hy
1381 364 1535 400 perboree
1391 586 1619 623 Graccouia a
1396 633 1594 667 Graccho con
1390 676 1484 713 dita.
1386 1120 1641 1166 Topographia.
1392 1294 1591 1330 Laus a fide
1395 1335 1600 1373 et sinceritate
1401 1495 1583 1543 Concordia
1395 1554 1666 1603 Genesis Cantij
1158 2017 1252 2176 G 3
