1871 2421
613 214 1649 250 IO. SACRANI MODVS EPISTOLANDI
530 292 1754 336 veteratorem omniumque scelerum officinam te dicunt omnes, qui ne
522 355 1753 402 farie vocis tuę afflatum pestiferum in optimos quosque profundere
522 428 1758 466 et ad vncis putentibusque scelerata malicię tabem dentibus non
522 488 1759 532 tam effuse quam petulanter eos remordere et insecare consueuisti.
535 556 1761 598 A CAVSA. NON enim alia vlla ratione ad tantę intempe
522 620 1758 663 rantię labem illici prouocarisque te inuestigare queo nisi que ex
528 685 1764 729 immanitate flagitiorum omnium concretus ipse sis funestum animal et
533 750 1762 791 pecus impurissimum. Idcirco suopte tuo more id te agere conue
522 811 1755 857 nit vt et honestas et queque iure tibi virtus censeatur esse sublata.
537 878 1767 921 A FACTO ET PERSONA. NORVNT te homines
522 946 1754 985 sordidam et importunam beluam ad conuicia et omne facinus
522 1004 1759 1053 perniciemque natam esse et ad hęc eruditissimam locupletissimamque
525 1070 1760 1111 mendaciorum fieri. Qua propter qualiacumque aduersus viros bo
522 1134 1764 1174 nos olentibus tuis rictibus eructuas et egeris, tuis dant om-
530 1199 1753 1241 nia vicijs lutulentis. CONTINVATIO EORVNDEM
677 1265 1579 1304 locorum et cum hac a loco tempore et modo.
522 1324 1756 1370 NON me profecto perturbant impudentes et insani latratus qui
538 1395 1756 1434 bus niteris assidue obterere famam meam, non illa venenata
534 1455 1748 1498 me tua lingua exterruit, qua in aedibus Petrucij pridie idus
529 1520 1744 1566 Maias (vt aiunt) tot aduersum me probra teterrima eflasse
531 1587 1750 1629 tantam et effudisse rabiem veritus non es, quantam ad eum in me
536 1651 1751 1692 concitandum sufficere conieceras. Ipse tamen tuis non obsisten-
526 1713 1741 1754 tibus maledictis suo erga me studio atque amore vt vnquam me de
522 1781 1747 1817 feret quem et semper diligit semperque sua coniunctione iudicat di-
522 1835 1753 1882 gnissimum, sicque me de se meritum esse ducit vt tuum scelus pesti
522 1906 1750 1949 lens tuę criminationes nepharię, nullam fidei robur omnino
522 1965 1742 2012 sunt apud eum habiturę. Percalluit nempe vir ille prudentissi
522 2041 1777 2082 mus te funestum carnificem licitatoremque fraudulentum et vecor-
