1881 2398
154 191 1280 251 TRES PARTES EPISTOLE COMPLECTENS
73 260 281 402 Q
290 277 1365 341 VID tanta obtenebrauerit te caligine mi Ioannes, vt
236 349 1369 405 aduersus vitaerusticanę conditionem pulcerrimam ni
112 411 1364 477 mium stomachanter exasperatus verba tot feceris et prete-
112 478 832 532 rire et demirari me fateor omnino.
452 547 945 597 AB ESTIMATIONE.
106 605 1364 679 ET NISI apud me non obscurum tui haberem arbitrum; ingrati
112 673 1366 749 as segnis animi esse; ipsaque mihi verba dementatius efflasse vi
114 738 1005 804 derere, quę auditu et impia sunt et indigna.
532 811 882 862 A DESIDERIO
110 876 1354 942 VELLEM hunc errorem liquido peruestigatum abs te corre-
107 942 1219 1000 ctum iri, ne hac solus in sententia temerarior existeres
588 1005 825 1061 A FAMA
105 1070 1350 1138 CVM presertim vna voce et vno omnium consensu (vt par est)
103 1138 1346 1206 hoc vitae genus plurima et ampla laude celebretur, quod pro-
106 1199 1204 1265 fecto ex omni parte fęlix est ac beatum. A LOCO
105 1261 1352 1329 MISSAM facio vrbem tuam quouis indignam prudente viro
108 1331 1356 1395 tum que puritati et integritati vitae semper emula luxuriei et vni
112 1395 1350 1461 uersorum scelerum auctrix est et magistra, tum etiam quoniam varijs
104 1462 1350 1525 inquietudinum tumultibus obstrepit assidue, quos inter pax
112 1523 1352 1588 animi nulla fore potest. Iure mihi rus ipsum tuendum venit quod
104 1586 1346 1654 et rerum amenitate ditissimum est, et vitae mortalium datum di-
108 1653 1348 1720 uinitius domicilium pulcerrimum, in quo et honestissima et sua-
106 1721 1356 1787 uissima vita est sine vllo maleficio, quod aut nefarium aut atrox
112 1789 1228 1851 fieret aut scelestum. A PERSONA ET LOCO.
108 1854 1342 1916 SIQVIDEM hoc vitae genus quod istic ducitur summus ille
112 1919 1342 1986 rerum optifex humano generi agendum inprimis proposuit,
114 1986 1341 2052 dum plasmatum a se hominem in horto deliciarum constituens om
104 2055 1344 2117 nes temperiei et vbertatis naturalis eum affluentia munificen-
1175 2140 1213 2190 F
