1837 2401
441 199 1570 245 IO. SACRANI MODVS EPISTOLANDI.
441 268 1701 305 ¶ Qua fide quaue animi integritate tibi coniunctus sim, sane
441 328 1711 382 percipis, qui liberrimum vsum mei semper habes. Nec vereare fa
441 396 1703 438 miliaritatis et amicitię meę officijs te minus unquam prosecuturum
482 460 1705 510 ¶ Quanta integritate animi commodis et ornamento tuo assidue
441 532 1700 573 studeo, ex eo quidem exploratum habe, que cura et sollicitudine
476 591 1705 639 mea gratię sis principis restitutus. Qua de re intelligis si ex fi
474 654 1691 703 deli atque animo beniuolo id emanarit. EX CONTRARIO
484 719 1708 769 A me neminem esse existimo, qui fide ac beniuolentia fa-
467 785 1702 832 miliarior coniunctior que tibi fieret. Cum vero persuadere tibi no
464 850 1697 896 luisti, vt munus fidei meę alicuius momenti apud te duceres,
472 916 1709 963 operas iccirco meas super illiberalitate tua decetero non perdam
852 981 1231 1026 ALIVD.
480 1045 1709 1091 Integerrimo quidem pectore te meum in animum admiseram explo
467 1110 1708 1158 ratam non habens voluntatem tuam. Video tamen que insimu-
474 1174 1705 1224 lantius me viuere deinceps tecum cogis, maxime cum verbis ali-
476 1239 1700 1288 um, itemque te in factis alium exhibere non erubescis, quod
472 1303 1712 1353 etsi contra institutum consuetudinemque meam omnino fiat, inuerte-
474 1368 1705 1417 re tamen sinceritatis et integritatis officium primum ex te discam.
846 1432 1290 1476 A PIETATE.
476 1497 1712 1546 ¶ Non possum non compatituis doloribus quibus te video ad
471 1560 1715 1610 modum laborare, tametsi de me minus merueris opem me-
473 1626 1705 1674 am tibi tamen nunquam defuturam polliceor; profecto ille sum quem
465 1688 1608 1741 humanę calamitatis plurimum miseret. ALIVD
480 1752 1711 1804 Video rem tuam assidue ad interitum defluere, fortasse eorum
478 1819 1713 1874 consilio qui tecum bene geri nulla velint. Cunque mihi sis cha-
472 1887 1715 1939 rissimus animi pietate scribere ad te commoueor, vt tete alium
465 1954 1579 2005 geras et agas omnia consultius. CONTRARIA.
540 2017 1725 2071 Noluisti fauere voto meo dum efflagitanter concupij vt ne
