2513 3951
933 407 1215 446 Sermo XXXIIII
615 533 1403 581 vt dicit Tulius in libro. de senectute. Un
624 584 1410 635 decima autem hora est decrepitus in qua est am
621 633 1398 686 plius labor et dolor. Qualibet autem istarum
624 684 1407 737 horarum patet homini gratia christi. Sed attende et
624 733 1398 787 cum omnibus promiserit premium. istis nihil pro
615 782 1403 839 missum est. sed eis tamen dictum est. Ite et vos in
627 831 1397 886 vineam meam. Ad significandum quia decre-
626 879 1409 934 piti non ex iusticia. sed ex gratia salvantur Et
623 930 1409 983 merito. quia tales offerunt deo feces sue e-
623 980 1406 1037 tatis pro quibus non merentur ex iusticia reci-
623 1035 1400 1088 pere premium. sed supplicium. Iuxta illud Ma
617 1089 1403 1138 lach. Si obtuleritis cecum aut claudum.
614 1139 1409 1191 quid accipiet hoc de manibus vestris. Quod
620 1194 1398 1241 utique senes faciunt que cecitatem. curvitatem
615 1245 1401 1291 clauditatem. et omnes defectus deo offerunt
614 1297 1404 1339 et tamen deus ista acceptat. et si non ex iusticia
617 1351 1410 1388 tamen ex misericordia. Ex his arguit Am
614 1400 1397 1439 bro. li. vi. Exameron. c. xi. que satis magna ce-
609 1451 1398 1493 citas est hominum presentis seculi. qui non co
627 1499 1409 1548 gnoscunt creatorem suum. cum omnis etas
618 1553 1395 1598 mundi cognovit eum. Et idem dicit in libro
605 1607 1410 1644 de paradiso. c. vi. comparando istas etates
606 1650 1409 1698 hominis ad etates mundi satis pulcre. Ter
612 1696 1406 1748 tia moralitas est que in ecclesia militanti spe-
614 1746 1397 1798 cialiter tres status argui merentur pre ceteris
621 1798 1400 1850 scilicet generaliter peccantes. singulariter presi-
626 1854 1400 1901 dentes. et viriliter peregrinantes. Omnibus
617 1905 1398 1952 enim dicitur. Quid statis tota die ociosi. Peccan
618 1957 1413 2000 tibus enim peccanti locus. est locus contagii. pre-
609 2010 1407 2053 sedentibus gradus officii. est locus periculi
615 2061 1403 2105 peregrinantibus laqueus mundi. est locus exilii
617 2111 1407 2154 Ergo omnibus dicitur. Quid hic statis. q. d. Sur
620 2163 1397 2207 gite. abite. quia non habetis hic requiem.
632 2217 1394 2258 Peccantibus dicitur. Surgite ad remedium que-
629 2265 1403 2306 rendum. Presidentibus Ite ad exercitium cure
621 2312 1406 2358 faciendum. Peregrinantibus dicitur. Non habetis
624 2364 1397 2411 requiem proprie ad manendum. Et tamen de primo.
1255 2416 1314 2450 C
644 2410 1075 2487 Dixi secundo
623 2462 1410 2511 que in secunda parte
614 2519 1400 2567 evangelii tangitur divine remunerationis li-
621 2570 1406 2619 beralis rectitudo. cum sequitur. Cum sero au
621 2621 1397 2672 tem factum esset. Istud sero est consummatio
627 2673 1403 2723 seculi. quia tunc finietur dies salutis. et nox
618 2731 1404 2771 perpetua peccatoribus subsequetet. Tunc enim
615 2782 1395 2821 requiescent post laborem anime sanctorum
623 2832 1403 2873 Apoc. xiiii. Ammodo iam dicit spiritus vt
632 2879 1403 2923 requiescant a laboribus suis. Contra hoc fecit
627 2926 1406 2975 lucifer. qui mane voluit habere mercedem
630 2979 1392 3028 et quescere in sede aquilonari. cum tamen
624 3031 1404 3077 nihil adhuc laborasset. Isa. xiiii. Quomo-
617 3079 1401 3125 do cecidisti lucifer qui mane oriebaris. Si
621 3135 1412 3179 militer Adam mane voluit esse sicut dii sci
1482 524 2258 573 ens bonum et malum. Utinam expectas-
1482 575 2256 624 set in sero sue etatis provectioris. Lucifer
1482 624 2271 678 enim vix unam horam in celo stetit. adam
1485 678 2256 729 vero vix septem. et Eva vix duas. Ecce ma
1482 728 2265 779 li operarii Et bene mors hominis dicitur
1473 779 2261 830 sero propter obscuritatem. frigiditatem. ob
1482 828 2265 882 livionem. retributionem. et completorium.
1484 883 2265 932 Item sero potest intelligi dies iudicii. Pri
1482 933 2262 983 mo quia tunc unusquisque ad domum suam
1479 984 2268 1035 revertetur de agro huius mundi ut recipi
1485 1039 2268 1084 at prout gessit. Secundo quia tunc accen
1478 1091 2211 1137 dentur lucerne quando fulgebunt iusti si-
1484 1143 2198 1188 cut sol in regno patris eorum. Tertio. quia
1482 1185 2271 1239 tunc unusquisque apparebit qualis fuit hic
1481 1239 2264 1288 postquam stabit ad dexteram vel sinistram In
1479 1295 2265 1340 hoc ergo sero dicet dominus vinee. id est.
1478 1341 2267 1392 deus pater filio suo tanquam procuratori suo
1476 1392 2274 1444 cui omnia dedit in manus Joh. xiii. c. Vo
1482 1448 2274 1495 ca operarios et redde illis mercedem suam
1485 1499 2268 1546 scilicet sine diminutione. i. Corum. iii. Unus
1488 1546 2274 1594 quisque propriam mercedem accipiet servum la-
1479 1596 2262 1643 borem suum. Ista merces bene intelligitur
1482 1646 2262 1693 gratia. quia est quedam inchoatio glorie cum
1478 1695 2265 1743 gloria non sit aliud quam gratia consumma-
1487 1747 2261 1796 ta. Incipiens a novissimis usque ad primos.
1488 1800 2256 1850 Greg. dicit. Que hoc impletum est tunc quan-
1485 1851 2268 1902 do latronem prius quam Petrum deus saluavit.
1488 1905 2259 1953 et ita novissimus in labore. s. fit primus in pre-
1482 1956 2262 2003 mio. Hoc ostensum est etiam in gentibus et
1485 2008 2259 2053 iudeis Quia gentibus conversis ad fidem
1479 2056 2262 2104 data est prius gratia christi. iudeis pro maio
1479 2103 2271 2153 ti parte in infidelitate remanentibus. Et
1473 2153 2265 2205 est ordo diversus inter iusticiam et miseri-
1482 2205 2256 2258 cordiam. Quia iusticia incipit a maximis.
1479 2255 2268 2310 Ezech. ix. A sanctuario meo incipite. Sed
1482 2307 2256 2361 misericordia a minimis. Et ideo hic secundum
1482 2358 2262 2411 Crisostomum non fit iusticie contrarium sed
1479 2406 2268 2463 misericordie ostensivum. Cum autem venis
1479 2456 2262 2516 sent qui circa horam undecimam venerant. Glo.
1479 2508 2256 2565 id est gentiles. qui quasi decrepiti sunt vocati.
1482 2558 2256 2616 acceperunt singulos denarios. i. singula me
1476 2606 2259 2667 rita in vita eterna. vel eandem eternitatem
1485 2655 2268 2717 cum hic qui ab inicio mundi sunt vocati. Et
1482 2704 2262 2768 dicitur denarius vita eterna. que erit singulis
1479 2754 2259 2820 equalis. quantum ad durationem. nulli lon-
1485 2805 2265 2870 gior. nulli brevior. licet meritorum diversita
1479 2856 2265 2920 te alii aliis clarius fulgebunt. i. Corum. xv. c.
1488 2909 2259 2971 Stella differt a stella in claritate. Et licet
1491 2955 2259 3023 sit in se unus denarius iste. tamen est multiplex
1481 3009 2250 3073 propter accipientium differentiam. Venientes
1485 3058 2256 3122 autem et primi. i. iudei. arbitrati sunt. in. apud se
1485 3107 2264 3177 estimaverunt que plus essent accepturi. scilicet
