2513 3951
567 344 1800 416 Dominica infra octa. epiphanie.
278 445 1031 530 Ponam novissima eius quasi diem amaram.
285 502 1028 584 Tertia dies est dies amoris et desiderii pro
282 554 1034 636 bonis promissis. Hec est dies illa in qua
278 606 1040 689 Hester paraverat se et ingrediebatur ad
281 660 1040 740 Assuerum. Unde dicitur. die tertia indu
284 714 1031 791 ta est Hester. Ista dies est serena et iocun
290 767 1034 840 da. quia hominem ponit in bona spe. Dicitur
278 819 1028 889 enim sibi tali die. Delectare in domino: et
281 870 1025 938 dabit tibi petitiones cordis tui. Triduum
278 921 1040 988 etiam istud potest dici triplex modus con
278 969 1038 1036 versionis ad deum. scilicet contritio. confes
273 1020 1040 1088 sio: et satisfactio. Nam non nisi post ista re
273 1069 1040 1142 stauratur gratia perdita in homine. Con
272 1120 1040 1190 tritionis dies si debet esse perfectus. debet
272 1173 1037 1237 esse septiformis. Nam contritio debet esse
272 1226 1038 1281 morosa et intenta non perfunctoria. So-
272 1274 1037 1332 litaria non publica. Integra non diminu
275 1323 1040 1382 ta. Ordinata non confusa. Propria non alie
272 1374 1037 1436 na. Gemebunda non deliciosa. Iusta non
272 1425 1025 1487 simulata. Hec septem tanguntur in illo ver-
272 1475 1037 1544 bo Ezechie dicentis Isaie. xxxviii. Reco
272 1529 1025 1595 gitabo tibi omnes annos meos in amari-
278 1578 1025 1647 tudine anime mee. Secunda dies est con
266 1627 1034 1700 fessio. que etiam debet esse septiformis. scilicet
272 1674 1031 1751 festina non tarda. Humilis et verecun-
278 1724 1037 1801 da. Aperta non palliata. Vera non ficta.
287 1775 1037 1852 Integra non divisa. Flebilis non ridicu-
272 1825 1040 1904 losa. sed lacrimosa. Obediens et prompta
269 1878 1037 1952 De hac dicitur in Psalmo. Dixi confitebor
272 1929 1031 2002 adversum me iniusticiam meam domino. et
266 1977 1040 2054 tu remisisti impietatem pec. etcetera. Quasi dixisset
282 2030 1025 2103 Proposui ad te appropinquare. et tu ad me
272 2083 1022 2155 appropinquasti. Tertia dies est satisfactio
275 2129 1034 2207 que etiam debet esse septiformis. secundum que septem
269 2174 1031 2261 requiruntur ad hoc. ut perfecta mundicia
273 2224 1028 2309 peccati habeatur. Primo enim requiritur
273 2270 1031 2360 ad perfectam satisfactionem abstinentia a
273 2321 1026 2410 peccato. Sicut primo medicus imponit
273 2374 1029 2461 infirmo abstinere a cibo Iohannis. viii. c.
279 2428 1029 2512 Vade et amplius noli peccare. Secundo
272 2481 1026 2564 requiritur restitutio aliene rei. quia non di
272 2531 1029 2616 mittitur peccatum: nisi restituatur ablatum
266 2580 1031 2669 Tertio requiritur humilitas. sic dicebat
287 2628 1028 2721 Iob. Ago penitentiam in favilla et cinere
266 2673 1028 2774 Quarto requiritur memoria mortis. Eccl.
288 2720 1025 2826 vii. Recordare novissima tua et in eternum
279 2768 1022 2877 non peccabis. Quinto requiritur ieiunium
273 2820 1037 2929 Iohel. ii. Convertimini ad me in ieiunio et
279 2868 1025 2975 fletu. Sexto requiritur elemosina. Luce
276 2916 1028 3025 xi. Date elemosinam et omnia munda sunt vo
279 2964 1028 3074 bis. Septimo requiritur oratio debita et de
273 3018 1035 3126 vota. Unde hoc genus peccati non eiicitur.
1109 502 1887 550 nisi in ieiunio et oratione. Ieiunium curat
1112 554 1889 596 pestes corporis oratio pestes mentis. Et
1118 602 1877 648 potest esse spirituale triduum ex his tribus.
1119 653 1880 699 scilicet oratione elemosyna. et ieiunio. Oratio
1115 702 1881 749 facit nos appropinquare deo in anima.
1116 757 1884 799 Ieiunium in corpore. Elemosyna in bonis
1112 804 1875 851 temporalibus. Bona dies oratio in qua
1115 854 1871 905 homo tamen ascendit que pervenit in una ho-
1109 906 1886 957 ra ad deum oratio enim secundum. Augustinus est as-
1115 958 1880 1007 census mentis in deum. Unde Eccli. dicitur
1106 1009 1883 1057 Oratio humiliantis se penetrat celum. Fe-
1109 1057 1889 1109 lix dies quo ita iter nostrum prosperatur ut
1113 1108 1877 1159 quo non possemus per mille annos perve-
1106 1159 1878 1207 nire. in momento in ictu oculi perveniamus.
1113 1210 1881 1258 Bona etiam dies dicitur elemosina que in
1112 1257 1880 1309 una hora portat omnia bona nostra in ce
1115 1304 1883 1361 lum. que totus mundus portare non pos-
1109 1348 1889 1414 set nec transferre. Eccl. Elemosina viri quasi
1119 1396 1889 1465 sacculus ante ipsum precedet. Sed et ieiu-
1110 1446 1886 1514 nium bona dies est que corpus nostrum ita.
1107 1497 1886 1564 aptum reddit ut una hora plus mereatur
1110 1554 1878 1612 ieiuniis quam gulosus in mille. Unde Nini-
1113 1608 1880 1659 vite in triduo ieiunii obtinearunt veniam
1115 1660 1878 1711 delictorum. Ione. ii. Laboremus igitur
1109 1711 1877 1760 ut post hoc triduum christum invenire spiri
1113 1758 1461 1800 tualiter valeamus.
1785 1775 1833 1814 B
1101 1819 1645 1894 Dixi secundo
1661 1824 1869 1866 que in verbis pre
1112 1854 1880 1923 missis descri
1119 1922 1880 1966 bitur inventionis christi actus. cum dici-
1107 1972 1872 2014 tur. Invenerunt eum. O quam dulce verbum
1113 2022 1887 2068 vere nihil puto dulcius resonare in aure
1118 2074 1878 2119 quam cum dicitur. Invenerunt eum. quem eum.
1113 2121 1881 2171 utique deum et hominem dominum. totius consola
1113 2172 1880 2226 tionis patrem. Inventio istius igitur domini mul-
1113 2225 1877 2279 tum est fructuosa. Pro quo sciendum que quidam
1113 2277 1883 2333 inveniunt aliquid. cuius inventio est vana ut
1106 2328 1874 2385 thesaurum temporalem. Quidam inveniunt ali-
1106 2381 1871 2436 quid cuius inuentio est mala. ut peccatum
1112 2432 1871 2487 et eius turpitudinem. Quidam inveniunt
1103 2481 1880 2538 aliquid. cuius inventio est nobilissima et
1100 2534 1883 2589 fructuosissima. ut christum. et igitur grati-
1097 2587 1877 2639 am suam. De primo quoniam quidam inveniunt
1112 2636 1877 2684 aliquid cuius inventio est vana. ut thesaurum
1103 2686 1883 2732 temporalem. Res enim temporales sunt vane in com
1106 2737 1872 2782 paratione ad eternas. Nonne primo vanum
1106 2788 1884 2836 est quod teneri non potest. sed totus mundus non
1100 2835 1883 2892 potest tenere quin divitie temporales defluant. ymo
1118 2890 1880 2944 sunt sicut anguilla. que quannto plus stringi-
1106 2941 1886 2998 tur per caudam. tanto facilius elabitur. Secundo
1109 2987 1886 3047 vane sunt etiam diuitie. que mentem hominis reple
1106 3036 1881 3096 re non possunt. Quia scriptum est. Avarus non
1100 3089 1893 3149 implebitur pecunia. Crescit enim ignis pariter
