2513 3951
921 387 1215 432 Sermo V
624 521 1395 572 Holgot super li Sap. ca. v. que illud iudicium
629 575 1395 626 quo ad distinctionem bonorum et accusationem
624 626 1392 675 malorum et commendationem bonorum mentaliter
636 682 1395 728 perficietur. Et sic ille processus Matth. xxv
627 731 1386 773 Esurivi et dedistis mihi manducare erit men
627 781 1395 829 talis. Sed holgot dicit. Salva reverentia
624 826 1380 883 sancti thome que erit tam vocalis quam mentalis.
627 875 1382 930 et christus qui iudicabut erit deus et homo. Et immo
635 930 1394 973 ut deus iudicabit mentaliter. ut homo vocaliter
638 981 1388 1028 Et homo erit maius gaudium sensibile bonorum.
627 1032 1392 1082 et maior dolor sensibilis malorum. Et ita ipse
632 1085 1389 1133 dicit que erit vocalis accusatio malorum et vo
629 1137 1413 1184 calis sententia. Dicit etiam ipse que reprobi iudica-
630 1188 1389 1234 buntur de duobus s. de. preceptis iusticie et ope-
627 1239 1392 1285 ribus misericordie. hoc est. quia precepta transgressi
627 1290 1407 1337 sunt iusticie. et operibus misericordie non redemerunt
632 1343 1397 1387 peccata. Prima ergo sententia de meritis erit mentalis
627 1394 1386 1436 Secunda de operibus misericordie erit vocalis ut
627 1446 1386 1489 appareat eos esse dignos misericordia. Quod autem
630 1498 1386 1540 dicit Augustinus. de sermone. non negat sermonem: sed
630 1552 1398 1595 sermonis prolixitatem. Et etiam et et si non in par-
627 1597 1398 1645 ticulari. saltem in universali iudicabuntur vocaliter.
678 1648 1371 1695 Dominica secundaa adventus II. Sermo. V.
717 1806 747 1842 e
836 1730 1380 1785 Ru~t signa in so
839 1800 1398 1850 le et luna ⁊ stellis Lu. xxi. Quam
819 1851 1392 1902 vis ut ait ille magnus pater Aug.
632 1906 1389 1952 li. ii. contra pelagium quoniam timore pene non amore iu
627 1957 1389 2003 sticie fit bonum. nondum bene fit bonum. Et
624 2012 1383 2053 huius dicti potest esse ratio. et opus bonum
620 2063 1389 2106 procedens ex timore nondum perfectum est. eo que
627 2116 1389 2156 non procedit ex caritate. sine qua nihil potest esse per
626 2164 1386 2206 fectum. ut dicitur. i. Eorum. xiij. Hinc dicit Johannes
629 2214 1379 2258 in canonica que perfecta caritas foras mittit
626 2265 1386 2309 timorem. Unde patet que opus procedens ex timo
620 2317 1386 2359 re. ideo est imperfectum. et est invalidum et infir-
623 2367 1385 2411 mum seu debile. cum sit sine caritate. qua sola dat
626 2418 1388 2465 robur perfectum cuilibet virtuti. Veruntamen et si sa
623 2470 1385 2515 lus humana non potest perfecte haberi ex solo ti
621 2518 1385 2569 more serviendo deo. timor tamen dei et iudicio-
630 2570 1394 2621 rum eius initium humane salutis ad servien
627 2624 1388 2671 dum deo incitans. Unde dicit Greg. v. li. mora.
630 2675 1395 2720 que via dei a timore incipit. per quem pervenitur ad.
620 2727 1388 2772 fortitudinem scilicet caritatis. Hinc dicit Cassio.
632 2778 1385 2823 de instituis monachorum li. iiii. que principium
624 2829 1376 2873 nostre salutis sapientieque secundum scripturas est deum
627 2877 1388 2926 timere. ex quo timore universa vicia expel
630 2929 1382 2978 luntur et virtutes fructificant atque succrescunt.
633 2983 1382 3031 ita que tandem devenitur ad perfectionem caritatis
626 3032 1377 3081 prout hoc clare deducit beatus Anthonius in
623 3083 1386 3132 collationibus patrum. Ex quibus ego infero que si
615 3140 1391 3189 cut nullus potest esse consummatus in caritate per
1466 528 2244 575 fecta divine dilectionis sine vero amore dei.
1469 579 2241 623 ita nemo potest initiare viam salutis et divine di
1469 629 2249 678 lectionis nisi per timorem dei. Nam dicit Bernardus. su
1472 680 2237 729 per Cant. sermone xxxviii. Quia sicut plenitu-
1472 729 2240 782 do legis est dilectio. ita initium salutis timor
1478 780 2246 831 domini. Et ob hoc dicit Cristus. in sermone de iohanne
1472 831 2243 882 baptista. que timor dei mentes corrigit. fugat
1478 883 2240 929 crimina. innocentiam servat. properam tribuit fa
1478 936 2240 980 cultatem. que omnia sunt initia humane salu-
1469 984 2234 1032 tis et quidam preparationes ad amorem dei. Unde
1472 1038 2231 1085 Cassio. super ps. xxxiii. concludit que qui deum bene
1481 1089 2231 1133 timet. etiam necesse est ut eum amet. Et econ-
1472 1141 2246 1185 verso. Qui deum bene amat. etiam necesse est
1475 1195 2243 1238 ut eum timeat. eo que ille due res in una ce-
1473 1246 2232 1290 lesti devotione sociate sunt. Et et sanctam ma
1469 1301 2240 1340 ter ecclesia dominica precedenti recoluit adven
1472 1349 2231 1390 tum domini in carnem. multum amabilem et deside-
1469 1397 2240 1439 rabilem propter quem deus merito erat diligen-
1469 1445 2237 1494 dus. eo que venerunt homini omnia bona pariter
1469 1498 2226 1545 cum illo. ut dicitur Sap. vii. Nunc autem in ista do-
1475 1550 2243 1596 minica recolit alium adventum terribilem ad
1466 1602 2240 1648 iudicium ultimum. propter quem deus merito est
1466 1657 2240 1699 formidandus. ut sic qui deum nondum diligit
1473 1705 2238 1750 per amorem. ad diligendum eum et sibi serviendum
1469 1752 2222 1799 moveatur per timorem. In primo enim adventu
1466 1803 2219 1850 erat dominus dulcis. sed in secundo erit rectus et iustus
1479 1850 2235 1901 Unde psalmorum. de eo. Dulcis et rectus dominus. Super
1476 1906 2226 1954 quo Cassio. dicit. Cum audis et dominus tuus dul
1467 1962 2217 2000 cis sit. attende que diligas. Cum audis. rectus
1460 2014 2235 2056 attende que timeas. ut timore et amore dei ex
1466 2062 2226 2110 citatus legem eius custodias. Et Hugo in
1466 2111 2231 2159 li. suo de anima dicit. Si amor dei tenere te non
1463 2159 2231 2211 potest. saltem teneat et terreat timor iudicii. me
1473 2210 2234 2262 tus gehenne. laquei mortis. dolores inferni.
1466 2261 2222 2316 ignis veteres. vermis corrodens. sulfur fetens. flam
1460 2314 2228 2367 ma tartarea. et omnia mala. Hec ille. Et et de
1472 2365 2228 2418 us licet apparebit in iudicio cum non speratur
1463 2420 2219 2468 tamen omnibus vult innotescere propinquum diem ad-
1466 2469 2231 2517 ventus sui. Ideo ut homines se preparent. quod
1470 2523 2217 2567 utique ex maxima misericordia faciet. ideo
1460 2574 2226 2618 premittet quedam signa propinquum adventum
1467 2625 2231 2672 suum nunciantia. de quibus in verbis premis-
1464 2676 2198 2724 sis dicitur. Erunt signa in sole etcetera. In quibus
1470 2727 2216 2781 verbis tria tanguntur seu nobis consideran
1461 2780 2216 2832 da occurrunt. Primo namque considerandum
1466 2834 2210 2882 est de signis in sole . Secundo se signis in lu-
1455 2885 2222 2931 na. Tertio de signis in stellis. Et et de his
1457 2936 2219 2984 aliquantum tactum est ad litteram in preceden-
1460 2989 2216 3034 ti sermone. Ideo hic videndum est spiritualiter
1466 3040 2219 3082 de eisdem. Nam secundum Aug. super Gen. ad litteram
1457 3091 2219 3134 in spiritualibus expositionibus veritas multo
1457 3146 2235 3186 magis concordat quam in corporalibus. Secundum igi
