2513 3951
800 399 1071 443 Sermo XLIII
578 528 1364 575 Sed quereret quis. Quare dominus dicit illos
582 581 1365 629 ypocritas qui deformant vultum suum ieiunando
588 631 1373 680 cum deformitas non sit signum vane glorie. que semper
582 681 1370 730 pulcra et formosa requirit. Respondeo que ut dicit
597 731 1362 786 hoc Aug. Iactantia non solum est in solo corporearum
600 782 1365 836 rerum nitore et pompa. sed etiam in ipsis sordibus
594 832 1371 884 luctuosis est. Et eo periculosior est quo sub nomine
588 882 1367 932 sanctitatis decipit. Deinde ieiunii ypocri
600 930 1368 984 tarum manifestat fructum di. ut appareant ho-
600 978 1376 1035 minibus ieiunantes. Gor. plus quam alii di. Sicut
588 1032 1377 1089 ille phariseus Lu. xviii. Non sum sicut ceteri hominum
600 1082 1377 1140 Ieiuno bis in sabbato. Sed quid talibus dominus
594 1131 1380 1191 comminatur audiamus. Amen dico vobis recepe
597 1183 1373 1240 runt mercedem suam. s. quantum desideraverunt.
591 1234 1370 1288 ubi comminatur eis futuram damnationem. Non di
590 1290 1373 1336 cit recipiunt de presenti. sed receperunt. et talis
597 1340 1377 1388 adeo brevis est que nihil habet de presenti. Et ideo
603 1389 1377 1440 dicit Hiero. que non est tutum labiis hominum com
588 1440 1374 1492 mittere gloriam suam. arche utique sine sera et sine
594 1487 1385 1545 clave. Nam laus tua congesta in os meum.
597 1538 1370 1593 in pietate mea est non in tua. Cum meo libitu
591 1587 1367 1644 possum laudare vel derogare tibi.
1342 1588 1399 1609 B
651 1638 1377 1694 Tu autem cum ieiunas. Hic est secun-
597 1689 1385 1744 da pars evangelii in qua intendit tradere
597 1737 1382 1793 debitum modum ieiundandi. Dicit autem. Tu
597 1786 1385 1846 autem cum ieiunas unge caput tuum oleo
591 1840 1385 1894 et faciem tuam laua. Si hoc ad litteram es-
591 1889 1379 1946 set faciendum. certe ridiculum esset ut dicit
591 1944 1370 1997 Beda. Et hoc idem Origenes super Leviter.
603 1998 1380 2047 omelia. x. Et ideo secundum Rabanum istud est
594 2048 1370 2099 intelligendum metaphorice. accipitur hoc
597 2100 1376 2147 a palestinis. quibus mos est in festis caput
600 2151 1380 2197 ungere oleo. Unge ergo caput tuum oleo. i. fe-
600 2201 1376 2248 stivum et hilarem te exhibe. et faciem tuam lava. ad
597 2252 1389 2296 litteram. s. ne sordidus appareas. Duo dicit con
603 2298 1373 2349 tra duo. Unge oleo leticie contra tristiciam
594 2352 1385 2399 ypoctritarum. Lava faciem aqua mundicie contra ex
596 2406 1377 2448 terminationem. Vel lava faciem. in. conscientiam a
596 2454 1382 2499 malo tergendo. Vel unge caput. i. mentem in
605 2502 1385 2550 bono congaudendo. Et iste sunt due partes
590 2553 1385 2603 iusticie. s. declinare a malo. et facere bonum
603 2604 1385 2655 et sic sanctificatur ieiunium. Circa istud sciendum
606 2657 1376 2705 que ieiunium nostrum duo debet habere. Primo ut sit mix
603 2707 1388 2753 tum cum elemosyna. et ideo dicit. Unge caput tu-
612 2760 1379 2805 um oleo. i. chritum qui est caput nostrum. oleo mise-
605 2811 1389 2856 ricordie cum suis pauperibus Isa. lviii. Frange
615 2857 1388 2906 esuriendi panem. Hoc autem reputat chritus sibi
606 2908 1376 2955 factum quod fuit pauperibus impensum Math.
612 2959 1379 3007 xxv. Quod uni ex minimis meis fecistis mi-
603 3012 1392 3056 hi fecistis. Secundo ieiunium nostrum debet ha
596 3064 1379 3106 bere rectam intentionem Et ideo dicit la
596 3116 1379 3157 va faciem. id est intentionem. propter deum hoc
1443 494 2223 561 faciendo. Unde sequitur. ne videatis hominibus ieiu-
1443 543 2232 614 nans. In hoc removet intentionem pravam. s. appe
1458 594 2217 666 titum favoris et laudis humane querere. Sua-
1455 649 2214 715 det enim rectam intentionem. cum subdit. sed patri tuo
1452 699 2226 763 id est deo: qui est pater tuus per creationem. per adoptio
1446 749 2223 815 nem. per glotificationem. qui est in abscondito. Glosa
1449 801 2217 866 patri tuo celesti. qui est invisibilis. vel. qui habitat in
1455 848 2235 920 corde per fidem psalmorum. Ipse enim novit abscondita
1452 902 2229 971 cordis Isa. xlv. Vere tu es deus abscon-
1452 958 2217 1021 ditus. Unde deo ieiunat qui pro amore eius
1458 1008 2226 1069 se macerat. et quod sibi subtrahit alteri dat.
1458 1055 2238 1114 Sequitur. Et pater tuus qui videt te in ab-
1452 1111 2223 1172 scondito reddet tibi. Quasi di. secundum Remig.
1458 1162 2220 1217 Sufficit tibi ut deus qui inspector conscientie
1449 1212 2223 1275 idem sit et remunerator Sap. x. Reddet de
1461 1257 2235 1329 us mercedem laborum sanctorum suorum. Circa istam
1455 1308 2238 1379 sciendum que secundum. Crysis. spiritualiter facies anime
1458 1362 2229 1428 conscientia intelligitur. Primo. sicut enim in conspectu ho-
1461 1413 2232 1478 minum gratiosa est facies pulcra. sic in conspe-
1458 1467 2226 1526 ctu dei speciosa est conscientia munda. Secundo. et
1461 1513 2241 1582 sicut per faciem cognoscitur homo ab homine. sic per conscientiam
1461 1574 2223 1630 cognoscitur servus dei a servis diaboli. Unde
1461 1620 2229 1680 Thimo. dicitur. Novit deus qui sunt eius. qui angelis
1461 1669 2238 1727 dixit Apoc. vii. Nolite nocere terre et ma-
1458 1720 2235 1775 ri donec signemus servos dei in frontibus eorum
1452 1771 2223 1823 Frons est superior pars rationis. secundum quam conscientia
1458 1817 2235 1878 si bona est signatur signo dei. Si mala signo
1464 1871 2223 1929 dyaboli. Iuxta illud Cauteriatam habentes
1458 1919 2229 1983 conscientiam. Tertio. et sicut in facie modica ma
1464 1967 2238 2037 cula magnam deformitatem pulchritudinis in
1461 2016 2229 2088 ducit. non sic aut in laiis membris. Sic peccatum
1458 2071 2223 2138 qantumcumque modicum etiam minimum veniale. ma-
1464 2118 2223 2188 xime reputationis est in conscientia humana. Nam
1467 2172 2226 2233 omne quod fit contra conscientiam edificat ad iehennam
1503 2221 2232 2286 Secundo sciendum est que hic per caput intel
1455 2268 2229 2338 ligitur christus. Primo. sicut enim a capite
1470 2316 2229 2392 dependent omnes sensus. sic omnis sapientia intelle
1455 2362 2238 2446 ctus scientia et prudentia a christo. Unde apostolus dicit
1467 2415 2235 2496 que in ipso sunt omnes thesauri sapientie et scientie Col.
1461 2467 2226 2541 ii. Secundo. quia sicut capite dolente omnia mem
1467 2515 2229 2594 bra dolent. ita christo pro nobis passo debemus
1461 2562 2238 2648 compati. iuxta illud. Si erimus socii passio
1464 2613 2238 2698 num. erimus et consolationum. Talis fuit
1464 2661 2238 2750 Paulus qui dixit. Quis infirmatur et ego non
1470 2709 2235 2801 infirmor Tertio. quia sicut pro capite om
1458 2760 2232 2848 nia membra se exponunt et opponunt. et ipsum a le
1461 2812 2238 2899 sione protegunt. ut patet de serpente qui caudam expo
1464 2857 2235 2947 nit pro capite. Sic quilibet fidelis pro honore dei
1464 2907 2235 2998 sui. corpus suum et substantiam temporalem exponere
1467 2955 2247 3047 debet. uno vitam suam corporalem ut salvet ho-
1461 3006 2238 3099 minem et fidem christi integram. unde dicit salvator
1461 3054 2240 3155 Qui amat animam suam perdet eam. Augustinus
