2513 3951
626 423 1364 516 De sancta trinitate
251 536 965 645 Alii autem corvum. Alii accipitrem picum et vultu-
239 584 971 699 rem et cocodrillum et aquilam: cattum et canem: lupum
240 639 976 744 symeam et draconem. Alii cepe et alleum et spi
245 690 965 804 nas pro diis coluerunt. Sed unde omnia ista nisi
236 740 959 857 ex inordinata dilectione ad creaturam. Unde di
242 799 959 907 cit. Orige. super li. Iudic. omel. ii. Unusquisque
237 844 962 956 quod pre ceteris colit: quod super omnia veneratur et dili-
236 899 953 1007 git: hoc sibi deus est. si quid illud est quid prepon-
237 951 968 1061 derat dilectioni tue: hoc tibi deus est. Hec Ori
234 1003 951 1108 genes. Ex his patet que predicti gentis plu-
221 1047 953 1162 ralitatem deorum habuerunt secundum pluralitatem et di
224 1102 944 1213 versitatem delectionum in creaturis ad quas
227 1159 959 1259 erant affecti. Secundo pluralitas provenit ex
218 1207 959 1306 adulatione hominum. Nam aliqui volentes placere
212 1257 938 1354 dominis: ipsis se ad tantum subiiciebant autem que hono-
215 1305 950 1402 res divinos eis attribuebant. Sicut dicitur Iu-
221 1358 950 1455 dith. vji Sciant omnes gentes que non est deus in
218 1411 944 1507 terra nisi Nabuchodonosor. Tercio plu-
206 1456 932 1564 ralitas deorum provenit ex cordiali affectione.
218 1508 950 1617 Nam aliqui parentes tantum afficiebantur ad filios vel
218 1559 935 1673 econverso filii ad parentes nimio amore que post
206 1607 947 1727 mortem eorum fecerunt eis imagines quibus cultum
212 1658 935 1779 idolorum fecerunt impendere. unde dicitur Sap. xiiii.
218 1711 935 1829 Acerbo enim luctu dolens pater sibi cito rapti fi
203 1763 932 1877 lii fecit imaginem. et illum qui tunc quassi homo mortu-
212 1820 932 1930 us fuerat: nunc tanquam deum colere cepit. et con
215 1870 926 1978 stituit inter servos suos sacra et sacrificia. De-
197 1914 923 2033 inde interveniente tempore convalescente iniquit consue
194 1965 923 2082 tudine hic error tanquam lex custoditus est. et ty-
194 2015 926 2135 rannorum imperio colebantur figmenta. Hec ibi
204 2071 929 2189 Istam hystoriam de origine idolorum narrat Ful
201 2118 930 2245 gentius in li. i. mithologiarum. i. fabularum in prin
206 2172 911 2296 cipio. Et Alexander nequam in scintillario
197 2221 914 2348 poesis ca. i. de Sirophone viro ditissimo
195 2266 917 2401 in Egypto. qui post mortem quem nimium dilexe-
192 2315 914 2454 rat filii sui fecerat statuam ad similitudinem suam: et
195 2366 917 2505 eam adorari fecit. Servi autem adulatorie in
201 2422 914 2554 favorem domini flores offerebant illi imagini et co
189 2465 902 2605 ronas seu crinilia plectebant. ad quam ima-
198 2522 908 2655 ginem confugientes: veniam sunt adepti. venera
183 2564 903 2706 tique sunt illud timoris potius affectu quam amo
192 2613 897 2756 ris. Unde Petronius. Primus in orbe deos
189 2663 896 2808 fecit inesse timor. Huius hystorie narrator
195 2718 900 2860 antiquissimus est Dyaphantes lacedemoniorum
183 2763 897 2911 auctor secundum Fulgentium. Magister tamen in hystoriis
183 2814 890 2957 scolasticis super. xi. ca. Gen. aliam narrat hysto-
183 2864 888 3011 riam de ortu idolatrie di. que Ninus res assy-
183 2916 894 3062 riorum mortuo Belo patre suo: in solacium dolo
171 2962 891 3115 ris sui imaginem patris sui fecit. et confugientibus
189 3019 881 3166 ad eam veniam concessit. propter quod homines cepe-
171 3069 900 3223 runt illi idolo divinos honores exhibere. et
1052 621 1802 687 huius exemplo alii charis suis faciebant si-
1040 671 1802 741 mulacra. Et Lactantius dicit que optimi qui
1052 723 1806 791 que virorum deorum honore consecrabantur. Hinc
1040 774 1790 840 romani suos consecraverunt cesares. et ethio
1049 827 1790 894 pes suos reges. Et tangit Isidorus. viii. Ethi
1049 881 1799 948 mologiarum. ca. ii. Unde apud eqyptum ysis.
1037 930 1799 1001 apud cretam iuba. apud latinos faunus. apud
1043 983 1781 1050 romanos quirinus. Et istos idolatras lu-
1041 1031 1793 1103 culenter derisit Didimus rex Bragmanorum.
1035 1082 1787 1152 ut patet in epistula ad Alexandrum magnum. ubi
1038 1135 1787 1202 post multa dicit. O vos felicissimos dixerim
1041 1185 1784 1249 quorum et religio crimen est et vita supplicium: ma-
1029 1233 1779 1301 gna mala pacem appellatis. quod pro tanto dixit
1044 1277 1758 1352 quia ridiculum est tot habere deos: quorum unus
1026 1322 1764 1405 trahit ad bellum et contentiones. alter ad luxuri-
1022 1375 1767 1460 am. alter ad lucrum. alter ad ebrietatem. et sic de
1031 1432 1767 1512 aiiis. Quarto pluralitas deorum provenit ex
1034 1486 1779 1565 demoniorum sagacitate. qui a principio conaban
1028 1540 1775 1616 tur similes esse altissimo Esa. xiiii. Unde usque
1028 1594 1766 1664 ad diem iudicii hoc super intendunt ut homines ad
1016 1643 1781 1710 ydolatriam pertrahant: ad quod ut eos alliciant re-
1025 1698 1769 1761 sponsa in statuis dabant. nonnunquam etiam satisfa
1016 1752 1767 1811 ciebant desiderio hominum offerentium eis sangui
1019 1805 1760 1866 nem aut similia. et demones dicuntur delecta-
1013 1855 1754 1918 ri in humano sanguine. Patet autem omnium istorum
1010 1908 1761 1966 fatuitas qui petunt auxilia a demonibus qui ni-
1016 1962 1752 2016 hil possunt nisi quid dominus preceperit vel permiserit
1004 2004 1760 2071 Sicut dicitur Sap. xiii. Pro sanitate infirmum
995 2060 1755 2124 deprecatur. pro vita mortuum rogat. et in adiutori
1001 2112 1749 2177 um inutilem invocat. et pro itinere petit ab eo qui
1005 2165 1752 2226 ambulare non potest. et de operando et de omnium re
1001 2218 1752 2278 rum eventu petit ab eo qui in omnibus est inu
993 2265 1742 2333 tilis. D Ex quibus patet stulticia malo
987 2319 1755 2390 rum christianorum qui et pro auxilio ad sortilegia
986 2373 1739 2439 confugiunt: et futurorum eventuum signa obser-
995 2427 1748 2498 vant. que omnia sunt contra cultum unius
992 2480 1739 2553 dei. Unde dicit Aug. de doctrina christiana ca.
986 2531 1739 2604 ii. que tales observationes sunt superstitiones.
986 2588 1739 2654 sicut cum aliquis videt vestes in somno a
986 2638 1727 2699 foricibus rodi: timet aliquid infortuiti eveni
989 2690 1731 2748 re. Unde legitur Latho quendam derisisse qui
986 2741 1718 2796 sibi pro mirabili infortuito signo nuncia-
974 2792 1728 2846 vit caligas esse per sorices corrosas. Ecce in
983 2843 1715 2898 quit non est mirabile. sed mirabile fuisset si
983 2894 1724 2949 calige forices corrosissent. Item superstitio-
974 2945 1730 3009 sum est si aliquid surgens de lecto ad lectum
977 2997 1724 3065 redeat: quia sternutavit antequam se potuit cal
980 3048 1718 3116 ciare. Item cum homini singultanti dicitur
974 3098 1718 3167 teneas manu dextera pollicem manus sini
974 3147 1718 3218 stre. Item cum pro malo accipitur si duobus ami-
974 3201 1715 3270 cis simul ambulantibus puer medius occurrat
