2513 3951
920 434 1193 473 Sermo LVII
591 560 1365 618 potuit ut lavarent pedes apostolorum sed noluit
600 610 1359 670 sed potius per seipsum fecit. ut exemplum daret no
594 658 1365 718 bis similiter faciendi. Et in hoc dedit speciale do
590 708 1365 770 cumentum nobilibus iustis doctis et innocenti
591 756 1371 818 bus: ut non contemnant ignobiles peccatores igna
597 806 1377 869 ros et iniustos. Ostendit autem christus in vita sua
597 856 1368 917 quadruplicem humilitatem. Primo quo ad divitias
591 906 1379 965 et natus in vili panniculo involui voluit
603 956 1373 1017 Lu. ii. Invenietis infantem pannis involutum.
597 1005 1374 1070 et positum in presepio. Secundo quo ad honores et
600 1056 1379 1121 rex esse refugit. Ioh. vi. Et domum propriam con
603 1104 1376 1169 tempsit habere. Lu. ix. Vulpes foveas habent
603 1156 1364 1219 Tertio quo ad delicias. et esuriit Math. iiii
594 1209 1370 1268 et sitivit Ioh. iiii. Quarto quo ad potentiam
600 1260 1374 1317 sapientam et pulchritudinem. et se impotentem
603 1313 1374 1365 nescientem et deformem ostendit. Condemnavit ergo
600 1366 1374 1417 divitias. honores. et delicias. potentiam. sapi
591 1414 1373 1468 entiam et pulchritudinem seculi. que sunt por-
606 1460 1373 1519 te mortis. et quisquis amicus esse volverit mun-
603 1507 1385 1565 di. in his inimicus christi constituetur. ut dicitur Iaco.
612 1556 1383 1617 iiii. Ex quibus infero primo que nullus gravius pec-
600 1610 1380 1667 cat illo qui contemnit sequi vestigia christi in predi
600 1662 1386 1717 ctis exemplis humilitatis et appetit ea que ille con
597 1714 1373 1765 tempsit. Patet et contemnit perfectum exemplar. et per
597 1759 1379 1817 consequens necesse est eum errare in via salutis
608 1807 1380 1867 sicut scriptorem avertentem oculos ab exempla=
609 1858 1385 1916 ri propter quod Moysi dictum est. Inspice et fac
603 1912 1380 1966 secundum exemplar quod tibi monstratum est in monte.
597 1965 1374 2015 Exo. xxv. Ex quibus ulterius infero que appetens
597 2016 1383 2068 ea que christus contempsit. et contemnens que appetiis
612 2066 1380 2117 peccat mortaliter. et per consequens damnatur. Istud
600 2116 1380 2167 patet per Augusti. in li. de vera religione. ubi
596 2167 1377 2218 probat hoc solum esse peccatum mortale in predictis
602 2213 1379 2264 duobus casibus. videlicet appetere et contemnere. C
607 2286 1004 2351 Dixi tertio
1044 2266 1389 2309 que christus hodie ostendit
609 2317 1385 2359 exemplum sue beni
612 2369 1386 2418 gnitatis. in hoc que corpus suum tradidit ad man-
614 2421 1386 2468 ducandum discipulis. Hodie enim christus fecit gran
614 2469 1382 2518 de convivium quod in vita sua nunquam fecerat. Nam
611 2515 1386 2569 licet legitur quinque milia de quinque panibus satias-
602 2566 1391 2618 se Ioh. vi. non tamen de proprio corpore. Et ideo istud
609 2615 1382 2672 convivium est summe benignitatis. Istud signi
615 2664 1379 2723 ficatum est per convivium regis asueri qui anno ter
615 2715 1389 2772 tio imperii sui fecit grande convivium cunctis
612 2768 1386 2822 principibus suis. Hester. i. Sic christus post legem
615 2822 1395 2869 nature et legem scriptam sub lege gratie insti
615 2871 1401 2920 tuit hoc sacrum. Grande autem convivium dicitur hoc
621 2922 1388 2968 et grandis cibus angelorum in eo proponitur. Gran
626 2971 1395 3017 des debent esse qui manducant. Grandia quo
620 3020 1398 3067 que dona confert. propter quod necesse est bene es-
621 3070 1385 3116 se dispositum. preparatum et aptatum qui ad tale con-
600 3121 1395 3173 vivium intendit accedere. Istud significa-
1457 515 2225 593 vit salvator in lotione pedum discipulorum. Et
1455 564 2207 645 notanter lavit pedes que sunt extrema et ulti
1449 613 2216 695 ma pars corporis. ad significandum etiam mini
1443 663 2222 743 ma esse purganda ante sumptionem huius sacri Nam
1436 714 2213 791 caput mysticum in homine est intentio que debet esse in
1455 766 2216 844 homine recta. Manus est operatio que debet esse sancta
1455 818 2226 892 Et facies est conversatio que debet esse honesta.
1452 866 2223 941 Sed hec omnia non sufficiunt. nisi etiam pedes
1458 915 2226 996 lavetur. i. affectiones nostre quibus adhuc continue
1455 969 2214 1050 in pulvere terrenorum gradimur. sint munde.
1461 1020 2220 1100 Aliquando enim uruntur calore ire. invidie. vel odii.
1467 1073 2211 1148 Prover. vi. Nunquid ambulare potest homo super
1455 1118 2223 1198 prunas ut non comburantur pedes eius. Aliquando
1461 1172 2208 1250 dissoluuntur frigore negligentie. Mat. xxiiii.
1461 1222 2214 1303 Orate ne fuga vestra fiat in hieme. Aliquando col
1458 1272 2220 1351 liduntur ad lapidem fidei hesitatione. Aliquando in
1470 1323 2211 1404 quinantur luto. s. carnis voluptate. Tren. i.
1455 1376 2208 1448 Sordes eius in pedibus eius. Aliquando aspergun
1464 1416 2225 1505 tur pulvere vane glorie. Math. x. Excuti
1455 1471 2217 1552 te pulverem de pedibus vestris ideo isti pedes in
1461 1525 2214 1598 digent multiplici et frequenti lotione. Et primo
1458 1571 2220 1645 aqua amare compunctionis. Psalmorum. Laudabo per
1470 1624 2214 1696 singulas noctes. i. per singula peccata mundabo
1460 1663 2210 1742 conscientiam meam. Secundo aqua confessionis. Prover.
1470 1720 2220 1801 xviii. Aqua profunda verba. s. confessionis ex ore
1470 1766 2220 1853 viri. Omnia enim in confessione lavantur. Tertio aqua
1470 1818 2211 1907 corporalis afflictionis. Psal. Contribulasti ca
1476 1868 2220 1956 pita draconum in aquis. capita dicit. i. primos
1461 1920 2208 2006 motus peccati. Quarto aqua fraterne compas
1470 1973 2208 2056 sionis. Eccl. iii. Ignem ardentem extinguit
1461 2016 2211 2104 aqua. Quinto aqua devotionis. Psal. Exaudi
1470 2056 2226 2158 vit dominus vocem fletus mei. Sexto aqua di
1470 2110 2216 2206 vini sermonis. Naum. iii. Aquam propter ob
1467 2158 2217 2254 sidionem hauri tibi i. retineas verbum dei
1470 2205 2222 2306 tibi contra temptationem. Ioh. xv. Iam vos
1470 2261 2204 2355 mundi estis propter sermonem meum quem locutus
1467 2301 2228 2408 sum vobis. Pro latiori tamen huius materie de
1473 2355 2216 2459 claratione tria sunt hic consideranda. Primo
1470 2404 2216 2509 nanque videndum est qualiter sit preparandum
1470 2452 2216 2561 ad communionem huius sacri. Secundo de impedimen
1464 2497 2228 2609 tis homini preparationis. Tertio de effectu hu-
1464 2552 2213 2660 ius sacri. De primo sciendum que tripliciter se ho
1473 2594 2231 2712 mines preparant ad hoc sacrum. Quidam enim pre
1470 2648 2216 2761 parant se sufficienter non secundum veritatem. sed verum pro
1467 2692 2231 2810 babilitatem. ita que estimant se carere peccato.
1470 2738 2228 2860 qui tamen si facerent maiorem inquisitionem conscientie inve-
1479 2784 2234 2911 nirent se reos. Sed tamen sunt parati que si scirent
1482 2839 2228 2959 peccatum in se vellent confiteri. non tamen apponunt ad
1478 2892 2231 3008 hoc omnimodam diligentiam. et hi quamvis gra
1470 2944 2223 3058 tiam non recipiant propter obicem pecca
1467 2996 2220 3109 ti. non incurrunt tamen offensam. quia nec
1464 3041 2232 3161 sumunt digne nec indigne. quamvis sint indigni
