2513 3951
605 366 1625 450 Dominica tertia adventus
342 470 1106 563 nodiunt carcerem. Duo milites mors et de-
339 527 1103 618 mon. Mors insidiatur corpori. Demon anime.
342 584 1103 669 Due cathene amor delectandi et consentien-
344 633 1097 722 di. Duo custodes ne homo ostium confes-
341 686 1097 773 sionis exeat. presumptio venie et confidentia
338 738 1100 822 vite prolixe. Huic astare debet sacerdos
332 792 1094 871 angelus et eum corripiendo excitare et per
332 843 1101 919 cutere et non palpare. Sextus actus ange-
335 891 1101 968 licus est arcere potestatem demonum. Sicut
345 939 1107 1020 Raphael de Asmodeo que suffocaverat se-
333 989 1092 1070 ptem viros Sare Thob. v. Consimiliter sa-
329 1036 1098 1124 cerdos debet arcere omnes malos per censu
318 1090 1098 1177 ras ecclesiasticas. Demones etiam per adiu
327 1142 1095 1222 rationes sacras. ne noceant viris bonis. Se-
324 1194 1089 1270 ptimus actus angelicus est orare. Unde le
333 1246 1091 1311 gimus Actu. xvi. que paulo apparuit per vi
327 1295 1091 1362 sum angelus in specie viri macedonis di-
326 1347 1089 1418 cens. Transiens macedoniam. adiuva nos.
314 1401 1101 1469 Qui dicitur fuisse macedonum prepositus.
327 1451 1089 1522 qui eorum a paulo supplicavit salutem. Sic
320 1503 1086 1578 sacerdos pro salute populi tenetur orare.
329 1558 1095 1630 Octavus actus angelicus est. quia ange-
318 1605 1100 1685 lus congaudet penitentibus de peccatis Lu
320 1654 1097 1742 ce. xv. Gaudium est angelis dei super uno pec
324 1701 1091 1792 catore penitentiam agente. Et penitentia po
323 1751 1094 1844 puli gaudium debet esse boni sacerdotis.
326 1799 1088 1895 Nono angelus punit. iiii. Reg. xix. Venit
315 1849 1085 1946 angelus domini et percussit in castris assy-
317 1896 1098 1994 riorum centum octoginta quinque milia. Sic
324 1950 1086 2048 sacerdotum est sententias excomunicationis ferre
309 2003 1082 2100 contra contumaces et rebelles. Decimo an-
318 2055 1083 2153 gelorum officium est laudare Isa. vi. c. Clama
314 2106 1076 2205 bant alter ad alterum. et dicebant. Sanctus
312 2158 1085 2255 sanctus. sanctus. dominus deus. Hoc etiam sa-
314 2204 1082 2309 cerdotibus dinoscitur convenire. i. Esdre. iii.
309 2250 1086 2362 Steterunt sacerdotes in ordine suo ut lau
303 2304 1080 2408 darent dominum. Ultimo angelus est sine sum
312 2355 1083 2459 ptu. Sicut patuit in angelo Thob. v. qui
315 2410 1082 2513 fuit magne utilitatis et parvi sumptus. Con
311 2466 1068 2564 similiter sacerdotes relicta cupiditate tempora
311 2523 1073 2617 lium. de decimis et oblationibus tamen vivant
314 2565 1067 2668 Similiter cum spiritualia ministerialiter
302 2615 1067 2723 largiuntur. nihil pro eisdem recipiant pro mer
303 2660 890 2747 cede ne symonie vicio maculentur.
990 2727 1023 2769 C
368 2719 1073 2833 Ubi consequenter advertendum que ange
297 2759 1070 2882 li quattuor habent conditiones in quibus sa-
297 2810 1061 2930 cerdotes habent eos unitari. Sunt enim im-
297 2861 1064 2982 materiales sive substantie separate. intelle
294 2910 1056 3032 ctuales. pleni scientia et veritate. Sunt moto
300 2961 1059 3081 res orbium et rectores hominum. Primo an
291 3017 1071 3131 geli sunt immateriales. Spiritus enim sunt.
291 3072 1062 3182 et carnem et ossa non habent. Et tales de-
1178 528 1952 597 bent esse sacerdotes per continentiam ut motus
1179 579 1959 650 passionum non sequantur. In cuius figura di-
1188 632 1952 702 ctum est petro. Caro et sanguis non revela
1185 681 1955 753 vit tibi Math. xvi. Marbotus de lapidi-
1179 738 1952 799 bus ca. iii. dicit de alectorio. Primo que lapis
1181 792 1956 847 ille non generatur nisi in gallis castris. Se
1184 839 1962 905 cundo que extinguit sitim. Tertio que reddit
1178 893 1947 959 hominem honorabilem. Et quarrto disertum. Iste
1181 945 1949 1013 lapis significat moraliter continentia cle-
1184 999 1958 1064 ricalem. qui non invenitur nisi in his qui se refre-
1175 1051 1955 1118 nant a carnis desideriis propter meritum
1190 1104 1958 1169 vite eterne Mat. xix. Sunt eunuchi qui
1172 1155 1952 1216 semetipsos castraverunt propter regnum celo
1166 1203 1949 1266 rum. Hec virtus extinguit sitim fornicati
1172 1260 1949 1318 onis carnis infecte et illicite concupisentie
1163 1299 1955 1374 Sap. x. Data est illis aqua de petra altissima
1163 1347 1952 1424 et requies sitis de lapide duro. Lapis du
1172 1395 1946 1477 rus est continentia. Durum est enim contra sti
1167 1441 1940 1525 mulum carnis calcitrare. Hec virtus facit ho
1173 1495 1952 1577 minem honorabilem. Sicut incontinentia fa
1170 1545 1952 1621 cit hominem confusibilem Iudith. xiiii. c.
1179 1601 1949 1672 Una mulier fecit confusionem in domo na-
1172 1654 1949 1727 buchodonosor. Hominem facit disertum
1178 1709 1949 1784 id est eloquentem et acceptum in loquendo. tam
1169 1763 1946 1833 in oratione quam in predicatione. Et per op-
1166 1818 1940 1886 positum sacerdotes infames de incontinen
1170 1869 1938 1933 tia nec digni sunt orare nec predicare. Sunt
1167 1916 1928 1989 igitur sacerdotes immateriales et substan
1167 1968 1938 2036 tie separate. In cuius figura dicitur de Na-
1164 2019 1932 2085 than Eccl. xlvii. Et Surrexit Nathan pro
1161 2073 1937 2139 pheta. et quasi adeps separatus a carne. Et
1170 2120 1940 2193 de talibus angelis dicitur in Psalmorum. Facit an-
1155 2175 1940 2247 gelos suos spiritus. Secundo angeli sunt
1170 2226 1931 2295 intellectuales pleni scientiis et veritate. Sic
1157 2279 1934 2352 sacerdotes dei debent pollere scientia sacre
1154 2331 1934 2403 scripture. Et ideo convenientius sanxi-
1157 2385 1925 2453 tum est de magistris. et de magistris. et ne aliquid exigant
1148 2436 1931 2502 pro licentia docendi. que aliquid magister in
1154 2489 1919 2555 theologia habeatur in metropolitana ec-
1157 2538 1922 2606 clesia qui doceat sacerdotes. Omnes autem
1151 2590 1925 2655 tam cathedrales quam alie ecclesie quibus sup-
1157 2640 1917 2703 petunt facultates habeant in grammatica
1151 2691 1929 2753 qui clericos gratis instruant et etiam alios
1139 2742 1917 2807 iuxta posse. Et ideo dicitur signant Aggei
1149 2793 1925 2859 primo. Interroga sacerdotes legem. super
1158 2844 1922 2915 quo dicit Hieronymus. Considera sacer
1149 2894 1925 2969 dotum esse officium interrogatos de lege
1140 2945 1913 3020 respondere. Si sacerdos est. sciat legem do
1143 2996 1913 3071 mini. Si ignorat legem domini. ipsi se ar
1136 3050 1922 3122 guit non esse sacerdotem. Malach. ii. La-
1136 3104 1911 3173 bia sacerdotis custodiant scientiam. et le-
1136 3156 1916 3222 gem exquirunt de ore eius. quia angelus
1791 3233 1887 3270 d 4
