2513 3951
868 278 1947 420 Sermo IIII
623 490 1385 534 put pro mente. et sicut capite reguntur membra.
618 540 1389 587 ita cogitationes mente disponuntur Capi-
618 591 1386 638 ta ergo levare est mentes ad celestia erige-
621 645 1389 690 re. Tria autem valent ad spei erectionem. Pri-
615 696 1383 743 mo ut malum transitorium non timeatur. quod fit
618 753 1386 793 cum homo per ratione elevatur. Unde in Psalmorum.
617 804 1379 835 Super inimicos meos despexit oculus me
621 847 1382 895 us. id est deorsum aspexit. Secundo ut in bo-
615 893 1376 943 nis temporalibus fiducia non habeatur. in psalmo. No
624 945 1376 992 lite considere in principibus. Tertio ut de pro-
618 1002 1365 1045 priis meritis non confidatur Iob. x. Si iustus
621 1056 1379 1097 fuero non levabo caput. Quoniam appropinqua-
615 1107 1385 1148 bit redemptio vestra. scilicet a temporali miseria. Ro-
618 1157 1389 1202 ma. viii. Nosipsi intra nos gemimus expe-
617 1210 1376 1253 ctantes redemptionem corporis nostri. Redempti enim
624 1261 1386 1306 sumus per passionem christi a culpa. sed non a miseria
612 1312 1383 1355 sed tunc utroque redimemur. Addit autem
614 1363 1388 1409 vestra scilicet qui redempti estis prius a captivitate cul
617 1414 1389 1457 pe. Psalmorum. Redemptionem misit dominus populo suo.
615 1467 1386 1512 non diabolo qui numquam redimetur. ut dicit Aug. in
618 1520 1380 1562 li. de ecclesiasticis dogmatibus Deinde christus
615 1574 1383 1613 adducit similitudinem dicens. Videte ficul-
615 1624 1374 1663 neam et omnes arbores. cum producunt iam ex se fru-
612 1669 1382 1715 ctum. scitis quoniam prope est estas. Quia hoc signum est
602 1716 1374 1765 accessus solis ad nos. Ita et vos cum videri
620 1764 1373 1815 tis hec fieri. scilicet signa que dicta sunt. Scito-
615 1823 1383 1868 te quoniam prope est regnum dei. Hoc exponit que-
609 1872 1379 1919 dam glo. primo de iudeis que hodie sunt qua-
603 1925 1379 1970 si ficus sterilis. significati per illam ficum in que christus
611 1980 1382 2024 fructum non invenit. Cum ergo hec ficus. i. popu-
614 2030 1373 2076 lus iudeorum susceperit fidem. tunc incipiet qua
603 2082 1379 2125 si ficus virescere. Cum aut ore fidem christi confitebitur.
612 2132 1382 2175 tunc quasi folia mittet. Cum autem secundum fidem
608 2184 1368 2228 operabitur. tunc quasi fructum dabit. Et hoc erit propin-
603 2237 1373 2277 quum signum adventus christi ad iudicium. Unde dicitur
609 2280 1371 2328 Scitote quoniam prope est estas. i. eterna serenitas
614 2339 1379 2379 et renascentium novitas. Et de hoc dicitur Isa. x. Re
603 2393 1383 2433 liquie israel convertentur. Secundo secundum Greg. ex
609 2443 1376 2486 ponitur generaliter de fructu mundi que est
602 2492 1374 2538 eius ruina. Ad hoc enim mundus germinat ut
615 2546 1376 2589 quecumque germinauerit casibus consumet. Ul
605 2598 1362 2642 timo adducit christus confirmationem omnium predicto
606 2652 1373 2690 rum dicens. Amen dico vobis. Amen est signum cer
602 2703 1382 2741 tificationis. et tamen valet. i. vere. licet hoc nec gre
602 2751 1373 2795 cus nec latinus quisquam transferre potuit proprie
608 2800 1376 2845 Est ergo sensus. Amen dico vobis. i. vere di-
612 2849 1373 2898 co ego qui mentiri non possum. Non preteribit
609 2898 1364 2952 generatio hec scilicet de mortalitate ad immor-
606 2951 1361 3005 talitatem totum genus humanum donec omnia fi-
607 2999 1374 3057 ant. Dat. v. Iota unum aut unus apex non
602 3054 1365 3107 preteribit a lege donec omnia fiant. Celum et
597 3108 1368 3158 terra transibunt. s. per commutationem innovationis.
1469 496 2232 543 verba autem mea non transibunt. psalmorum. In eternum do
1460 549 2225 597 mine permanet verbum tuum. Non ergo transibunt sine
1460 600 2231 647 effectu impletionis. Beda. celum et terra trans-
1457 648 2234 699 ibunt. i. innovabuntur. deposita priori forma.
1460 698 2228 750 permanente aut priori substantia. unde. ii. Pe. ult. dicitur
1460 750 2231 803 Elementa ignis calore solventur. Intelligitur
1461 798 2234 853 ergo hoc de celo aereo seu elementari. quod est ipse
1460 848 2229 905 aer sub concauo orbis lune que consumetur et depu
1466 900 2235 957 rabitur a materia grossa per calorem ignis prece
1466 954 2229 1007 dentis. Sicut deducit Aug. de civita. dei
1460 1005 2222 1061 li. xx. ca. xxiiii. tractans illud. Opera manuum
1460 1057 2228 1112 tuarum sunt celi Ipsi peribunt. Non autem celi illi
1457 1108 2234 1162 in quibus sunt sidera et stelle. ut quidam puta-
1466 1161 2234 1212 verunt. ut dicit Aug. ibidem. Circa istum sermo
1466 1214 2234 1266 nem moveo triplicem dubitationem. Prima est
1466 1268 2225 1317 de qua etiam a pluribus dubitare cognovi. Utrum
1451 1320 2234 1368 ante generale iudicium antichristus nascetur tamquam
1463 1371 2235 1419 unus purus homo persecuturus ecclesiam christi.
1454 1410 2225 1473 Secundum dubium. qualis erit consummatio hu
1460 1466 2232 1527 ius iudicii. Tertium vtrum iudicium illud erit per
1463 1520 2222 1578 sententiam vocalem. Ad primum respondeo que anti
1464 1574 2228 1629 christus erit unus homo purus sicut aliquis nostrum. et
1454 1628 2222 1681 unum suppositum et individuum humane speciei
1461 1681 2228 1729 Istud patet per omnes scripturas veteris et no
1448 1725 2219 1784 vi testamenti. Et primo per illud Genesis. penulti.
1460 1773 2223 1835 ubi dicitur. Fiat dan sicut coluber mordens equum
1461 1824 2228 1884 ad ungulam. Ubi secundum omnes doctores dicitur
1454 1878 2213 1935 que antichristus nascetur de tribus dan. que est ma-
1455 1933 2220 1984 ledicta. unde ideo non enumeratur in cathalogo
1457 1988 2220 2030 patriarcharum sanctorum. ut dicitur Apo. vii. Se-
1455 2040 2226 2086 cundo istud patet per illud Daniel. xi. ubi. dicitur. Sta
1454 2088 2222 2143 bit in loco eius scilicet christi vilissimus. Dicit Hieronymus.
1445 2136 2222 2193 in glo. ordinaria. Antichristus. s. qui in sine mun
1454 2186 2222 2244 di consurget de gente iudeorum et de gente mo
1451 2237 2219 2297 dica tam humilis atque despectus ut non ei de
1446 2287 2225 2349 tur honor regius. sed fraudulenter obtine
1448 2341 2213 2400 bit principatum. et brachia pugnantis populi ro-
1448 2395 2216 2452 mani expugnabuntur ab eo. et hec faciet et si
1445 2448 2207 2498 mulabit se esse ducem veteris testamenti et le-
1445 2496 2226 2548 gis dei. Et ingredietur urbes altissimas et
1445 2546 2220 2601 faciet que non fecerunt patres eius. Nullus enim iu
1452 2604 2214 2649 deorum preter ipsum regnavit in toto orbe unquam
1449 2653 2216 2704 et hoc contra sanctum sanctorum inibit consilium. Hec Hiero.
1461 2702 2207 2759 Item ibidem ostenditur quamdiu reganturus sit. s. per
1452 2754 2204 2813 tempus unius anni. et tempora scilicet duorum annorum et di
1443 2805 2216 2864 midium temporis. i. unius medii anni. ut hr. xij ca.
1442 2858 2207 2916 Et hec expressius dicit ibidem textus que regnabit per
1448 2910 2210 2966 dies mille. ccc. et. xxxv. Item ibidem ostenditue qualis
1445 2963 2207 3020 erit in vita. et in concupisentiis feminarum. et sic lu-
1442 3014 2213 3069 xuriosissimus. licet palam ostendet et similabit se ca-
1445 3066 2204 3117 stum ut dicit glo. Item ibidem ostenditur quomodo veniet ad
1439 3119 2207 3170 montem oliveti. quem vocat inclitum et sanctum. et veni
