2513 3951
596 420 993 485 Dominica Palmarum
269 522 1022 614 tur que sit salvator. et ihesus sic interpretatur
284 582 1028 665 Math. i. Ipse enim salvum faciet populum suum a
263 631 1034 716 peccatis eorum. Secundo describitur que ama-
266 680 1025 767 tor puritatis. et nazarenus quod interpretatur
263 732 1020 815 floridus. Cant. ii. Ego flos campi. Tertio que
266 781 968 862 sit strennus gubernator. et rex iudeorum.
258 829 1032 914 B Secundo notatur huius regis nature proprie
254 878 1031 968 tas. et tuus. Christus enim rex noster. et licet fit rex
260 929 1022 1017 generaliter omnium. angelorum. s. hominum. et demonum.
254 980 1023 1066 tamen nulli ita specialiter datus est sicut homini. Unde
254 1032 1020 1117 nec in natura angelica nec demonum venire
254 1082 1031 1168 voluit. In natura angelica non. propter natu-
254 1132 1028 1216 re angelice innocentiam. que non indiguit repa
245 1183 1022 1261 ratione. In natura demonum non. propter nature
254 1233 1023 1302 diabolice lapsum irremediabilem et culpam
249 1283 1028 1345 que non fuit capax et digna restauratione. Ideo
239 1332 1022 1397 soli generi humano datus est. quod et indiguit ra
245 1385 1016 1452 tione culpe. et digna fuit ratione fragilis na-
248 1434 1022 1506 nature. Est ergo generis rex humani propter plura. Pri-
248 1484 1028 1559 mo et in natura humana incarnatus. Secundo et
251 1535 1016 1611 in eadem temptatus. Tertio quia in eadem
255 1586 1013 1665 passus. Quarto et in eadem reparatus. Quin-
254 1635 1011 1716 to et in eadem venturus. Quocumque ergo vertas te.
248 1687 1019 1768 super est tuus. Vere beneficium maximum habere de
245 1735 1013 1819 um excelsum ita proprium ita proximum ita nobis
245 1787 1022 1873 unitum. Nam si convertas te ad opera sue miseri-
239 1836 1010 1924 cordie quibus alias creaturas misericorditer re
248 1884 1007 1975 git fovet et disponit suaviter. multo suavius
242 1933 1011 2023 regit et gubernat genus humanum. cui non so
245 1987 1010 2071 lum esse et vivere ut ceteris. sed beatum esse et beatum vi
236 2034 1011 2126 vere perpetuumque disponit et ordinat Lu. xxii
236 2084 1019 2178 Ego dispono vobis regnum. Si vero te con
242 2136 1022 2227 vertas ad opera iusticie sue. quibus aliis creatu-
239 2182 1004 2281 ris iuxta condignum tribuit. multo iustius
246 2231 1010 2332 humana opera remunerat. eo que ea supra me
243 2278 1010 2381 rita coronat Rom. viii. Non sunt condigne
237 2329 1002 2431 passiones huius temporis ad futuram gloriam
243 2382 1011 2482 et citra demerita punit. eo que in inferno pe
242 2435 1005 2533 nam infinitam facit finitam. quantum ad intensionem
294 2488 1002 2584 C Tertio notatur fortune commoditas.
239 2535 1005 2635 et venit tibi. i. ad tuam utilitatem datus. Ro. viii
236 2588 1002 2689 Quoniam non omnia nobis cum illo donauit. et presentia
245 2636 1004 2741 ad sustentationem. futura ad fruitionem. Venit
239 2688 998 2794 ergo nobis ad quatuor. Primo in exemplum conversati-
239 2737 1004 2846 onis. Exo. xxv. Inspice et fac secundum exemplar
248 2788 995 2894 Unde Ioh. xiii. Exemplum eius dedi vobis. Secundo
236 2835 995 2947 in precium redemptionis. Apoc. v. Redemisti nos
233 2881 998 2996 deo in sanguine tuo. i. Peter. i. Redempti estis
233 2931 1001 3046 non coruptibilibus auro vel argento. Tertio in
243 2974 998 3094 viaticum peregrinationis. Gen. xxviii. dixit ia
237 3021 1007 3141 cob. Si fierit mecum deus et custodierit me
231 3078 1005 3191 in via per quam ambulo er dederit mihi pa-
1103 582 1880 634 nem ad edendum. scilicet in eucharistia. Ioh. vi
1103 633 1881 682 Ego sum panis vivus. Quarto in premi-
1100 682 1881 736 um remuneratonis. Iuxta illud Gen. Ego sum
1106 732 1892 786 merces tua magna nimis. D Quarto
1095 780 1887 834 notatur huius clementie pietas. et mansue
1097 830 1887 885 tus. de quo dicit Beda in omelia. Vide spe
1103 881 1890 935 ciem adventus eius. non sedet in curru aureo
1106 933 1892 988 preciosa purpura fulgens. nec ascendit super
1103 987 1889 1042 servidum equum discoridie amatorem. non vides
1094 1038 1880 1093 in circuitu eius gladios splendentes aut ce
1100 1089 1889 1141 tera ornamenta terribilium armorum. sed ramos
1094 1138 1877 1189 florentes. qui sunt testimonia pietatis. Ven-
1095 1187 1880 1238 it ergo mansuetus ut non per potentiam ti-
1100 1238 1886 1288 meretur sed per mansuetudinem amaretur. De
1097 1282 1871 1339 hac humilitate loquitur apostolus in hodierna
1094 1321 1880 1390 epistula. in qua describit suam mansuetudinem ex-
1092 1362 1866 1443 cellentem et humilitatem. que fuit triplex. ma
1104 1417 1872 1490 gna maior et maxima. Magna et ille qui fu-
1101 1474 1881 1540 it invisibilis factus est visibilis et de subli-
1091 1526 1881 1592 mi tam humilis. Maior in hoc que re regum
1088 1578 1875 1639 factus est servus. Maxima quia splendor
1089 1628 1874 1687 paterne glorie factus est in similitudinem ho-
1097 1679 1871 1737 minis peccatoris. Unde dicit glo. Exinani
1088 1731 1865 1787 vit semetipsum. i. propria dignitate se exuit
1088 1784 1875 1838 ut in humilitate nobis imitabilis esset. ubi
1088 1836 1869 1890 dicit Augustinus. Ecce habemus humilitatis ex
1082 1890 1860 1941 emplum. superbie medicamentum. quid ergo in
1085 1942 1869 1993 tumescis o homo. o pellis morticinea quid
1089 1989 1863 2042 tenderis. o sanies fetida quid inflaris. prin=
1086 2041 1863 2090 ceps tuus humilis. et tu superbus. caput hu-
1083 2093 1857 2145 mile et membrum superbum. Et christus exina
1079 2142 1860 2195 nivit semetipsum quadrupliciter. Primo
1095 2193 1869 2245 quo ad divitias in nativitate. et pannis vi
1083 2242 1865 2303 libus involutus. Luce. ii. c. Secundo in con
1088 2298 1865 2355 versatione. et sine hospicio. Lu. ix. Vulpes
1082 2349 1862 2408 foveas habent. Et Marci. xi. hodie legitur
1076 2399 1859 2459 Circumspectis omnibus cum iam vespe-
1079 2450 1856 2508 re esset. Glosa. si eum aliquis hospicio rece
1088 2502 1859 2558 pisset. nullo eum recipiente exivit in Be-
1082 2554 1869 2602 thaniam. Tertio in morte. quia nudus pe
1082 2604 1862 2651 pendit in patibulo. ut reducat nos in sta-
1082 2656 1859 2698 tum innocentie. in quo primi parentes nu-
1079 2706 1857 2750 di erant. et non erubescant. Secundo exi
1071 2756 1856 2802 nanivit semetipsum quo ad potentiam quan-
1083 2806 1862 2855 do permisit se capi et cruci affigi. Unde ei
1089 2853 1847 2906 dictum est. Alios salvos fecit. seipsum sal-
1073 2901 1856 2960 um facere non potest Matthei. xxvii. cap.
1070 2949 1853 3015 Tertio exinanivit semetipsum quo ad sapienti
1076 3001 1856 3065 am. quando coram caypha pilato et herode nihil
1076 3053 1847 3113 respondit. Psalmorum. Ego autem tanquam surdus non au-
1073 3107 1850 3164 diebay. et sicut mutus non aperiens os suum
1073 3159 1862 3213 Quarto exinanivit se quo ad pulchritudinem.
1682 3233 1775 3270 y 5
