2513 3951
417 371 1535 465 Dominica quinta post trinitatis
299 482 1052 579 do iura civlia propter temporalium utili
290 533 1058 629 tatem. artem bellandi propter rapacitatem
290 582 1056 680 artem negociandi propter paupertatem et
296 633 1056 731 sic de aliis. Que acquisierunt propter vite pre
287 683 1053 782 sentis promotionem et administrationem.
293 734 1059 833 Cum tamen dicit Seneca paganus. Epistula. xviii
290 783 1050 884 Vel secundum communes libros. xxxvi. Que omnia
278 831 1053 935 alia negligenda sunt. ut studio bene vivendi assi-
291 883 1050 985 deamus cui nullum tempus satis magnum est. et si a
291 931 1046 1034 puericia usque ad humani eui terminos vita pro-
279 980 1053 1088 ducatur. non solum autem in acquirendo sapientiam. sed
285 1031 1052 1137 etiam victus necessaria. multi sunt labores om
284 1085 1046 1190 nium mortalium. eo que omnes in sudore vescuntur pa
272 1130 1040 1244 ne. Gen. i. Unde omnes currunt et discurrunt per se-
273 1181 1037 1295 pes. per semitas. ascendunt montes. transcendunt
288 1233 1043 1344 colles. transvolant rupes. pervolant alpes. trans
273 1280 1037 1387 grediuntur foves. ingrediuntur cavernas
273 1327 1037 1436 rimantur viscera terre. profunda maris. incer
270 1376 1044 1487 ta fluminis. opaca nemorum. invia solitudinis
273 1428 1049 1537 exponunt se ventis et ymbribus. tonitruis et
267 1476 1038 1589 fulminibus. fluctibus. procellis. ruinis. et preci
273 1526 1029 1641 piciis. metallum cudunt et conflant. lapides
273 1578 1029 1694 sculpunt. lingna scindunt et dolant. telas
270 1628 1029 1745 ordiuntur et texunt. vestes incidunt et consuunt. edi
279 1681 1031 1795 ficant domos. plantant vineas et ortos. exco
273 1730 1028 1849 lunt agros. succendunt clibanos. extruunt mo
272 1781 1034 1900 lendina. piscantur. venantur. et occupantur. me-
272 1832 1037 1951 ditantur. et cogitant. coxsiliant. et ordinant.
282 1885 1025 1996 Et hec omnia secundum Innocentium faciunt ho
267 1927 1031 2041 mines ut nutriantur. Non solum autem hoc
267 1973 1029 2086 faciunt iniusti. sed etiam iusti et sancti. qui labo
267 2022 1038 2135 res manuum suarum manducant. ut dicitur in psalmorum. Ma
270 2075 1029 2189 gis istis laboribus iustis et licitis invigilant ut
270 2124 1026 2241 habeant unam necessitatem propriam sustentent. et un-
267 2174 1028 2297 de necessitatem tribuant patienti. ut dicit apostolus.
279 2227 1038 2345 Iniusti vero qui de mendacio vivunt. licet ali
276 2274 1034 2396 quando laborare videntur. tamen magis secundum Innocen
276 2323 1034 2444 tium furantur. mercantur. contendunt. preli
270 2372 1028 2493 antur. et innumerabilia talia ut opes conge-
273 2421 1038 2544 rant. et questus multiplicent. sectantur lucra ut
273 2473 1031 2597 dignitate excellant ut potestate excedant.
269 2525 1025 2648 Et hoc quoque labor et mentis afflictio est ut
270 2576 1023 2699 probat Salomon Ecclesiastes. Quid de
269 2628 1028 2753 pauperibus qui inedia premuntur. fame cru
272 2677 1031 2804 ciantur. erumna. fame. siti. frigore et nudita
272 2723 1028 2857 te. frigescunt. tabescunt. spernuntur. et con-
266 2769 1025 2908 funduntur. O miserabilis conditio mendi-
267 2817 1028 2959 cantis. et si petit pudore confunditur. et si
273 2866 1019 3010 non petit egestate consumitur. sed ut men-
264 2914 1019 3056 dicet necessitate compellitur. De afflictio-
261 2961 1026 3107 ne dominorum et servorum quid attineat
1118 546 1913 600 dicere. At servus minis terretur. angariis
1121 600 1919 652 fatigatur. plagis percuitur. Dominus si
1127 652 1916 703 est crudelis oportet eum timere propter ne
1139 702 1916 755 quiciam subditororum, oportet esse undique sem
1124 754 1922 803 per munitum undique esse paratum. ut pos-
1125 805 1919 848 sit malignantium insidias precavere. im-
1127 856 1916 901 pugnantium iniurias propulsare. hostes
1127 906 1919 953 atterere. cives tueri. Nec sufficit diei mali
1127 954 1919 1005 cia sua. Sed dies diei labores eructat. et
1124 1005 1913 1055 nox nocti sollicitudinem indicat. Dies er-
1124 1055 1913 1104 go laboriosi ducuntur. et noctes insomnes
1112 1104 1901 1155 impenduntur. Hec Innocentius ubi su-
1115 1157 1901 1206 pra capitulo decimoquarto. Et iste est la-
1119 1210 1917 1256 bor communis bonorum et malorum. quia
1124 1261 1911 1301 quo ad hoc equa est utriusque conditio. Se-
1112 1307 1905 1358 cundus labor est malorum tamen. qui dicunt
1116 1358 1913 1407 Lassati sumus in via iniquitatis. Sapien
1116 1409 1895 1458 tie quinto cap. Hic labor est difficilissimus
1106 1460 1902 1511 et cum maiori labore perfici poterit. Pec-
1103 1512 1896 1559 cator autem servit mundo. diabolo. et car-
1106 1562 1910 1611 ni. Hiere. ix. ut inique agerent laboraverit
1115 1605 1898 1660 Sed certe quamvis sit labor iste difficilis. ta-
1106 1660 1901 1706 men a peccatoribus non sentitur. Sicut di
1106 1709 1892 1761 cit Leo papa in quodam sermone de ieiu-
1106 1760 1904 1815 nio. Que libentius suscipitur labor pro desi
1100 1815 1901 1865 derio voluptatis quam pro amore virtutis Et
1109 1870 1901 1913 Gregorius super Ezechielem. Quibusdam
1101 1918 1902 1960 pravis mentibus nihil est laboriosius quam si
1097 1968 1899 2010 eis precipiatur ut huius mundi actibus non
1100 2015 1892 2059 laborent. et quantus est labor sustinere hasti-
1097 2061 1902 2113 ludia torneamenta militibus. quantus labor tran
1100 2109 1895 2162 sire maria. periculosos passus spaciari mer
1095 2160 1895 2216 catoribus. servire in curiis regum vel prin-
1100 2217 1883 2267 cipum. adulari cum obiurgationibus domi
1103 2268 1892 2318 norum. cum remorsu conscientie. cum invi
1094 2318 1892 2370 dia sociorum. cum omni infortunio corpo
1091 2366 1895 2420 rali. pro prebendis et dignitatibus. pro e-
1095 2417 1883 2474 piscopatibus et prelaturis. Tertius labor
1097 2468 1892 2522 est bonorum tantum seu penitentium et con
1103 2520 1881 2573 tritorum. per quem dimittuntur peccata et
1094 2570 1886 2622 acquiritur consolatio eterna. De remissio-
1094 2619 1887 2675 ne peccatorum dicitur in Psal. Vide humi
1097 2671 1883 2723 litatem meam et laborem meum. et dimitte om
1097 2722 1884 2770 nia peccata mea. De consolatione eterna
1094 2773 1884 2818 dicitur Mat. xi. Venite ad me omnes qui la
1088 2822 1883 2872 boratis et onerati estis. et ego reficiam vos.
1101 2873 1877 2926 Narrat sextus Iulius Stragematum li. i.
1085 2922 1886 2979 cap. li. que Cirus rex persarum volens mili
1098 2973 1871 3030 tes suos concitare contra medos duxit eos
1082 3023 1877 3080 ad quandam silvam. et ibi eos tota die fecit la-
1091 3075 1889 3129 borare succidendo ligna. In crastino autem fecit
1730 3138 1820 3183 P 5
