2513 3951
399 407 1571 507 Dominica tertia post octa. epi.
267 515 1032 611 sunt ei. Sed quia posset quis dicere. Si domi-
279 572 1031 668 natur dominus potestatibus his. quare sustinet que oppri
275 623 1046 717 munt pauperes et sanctos. Ad hoc est respon-
275 674 1046 770 sio. que dominus motum fluctuum eius. i. tribulatio-
269 729 1043 821 nes et persecutiones quas sanctis inferunt non
272 780 1037 871 vult auferre penitus. sed ita mitigat eas ut
266 831 1034 921 sustinere possent. et in eis mereantur sancti Hec
272 884 1043 969 ille. Non ergo desperemus fratres. quia et si
272 935 1028 1019 motus insurgunt tribulationum in hoc mundo
257 983 1037 1071 a diabolo et eius ministris. tamen fidelis est
254 1032 1034 1121 deus qui non patietur no temptari supra
260 1086 1025 1171 id quod possumus. sed faciet cum temptatio
260 1138 1034 1219 ne proventum. ut possimus sustinere pro quibus tri
254 1187 1019 1264 bulationibus finaliter nobis retribuet coro
257 1236 1028 1307 nam salutis eterne. Quod nobis prestare dignetur
270 1287 893 1348 ipse dominus per secula benedictus. Amen.
305 1343 1013 1412 Dominica tertia. III. Sermo. XXVII.
302 1497 336 1536 s
393 1439 1025 1502 Omine salua nos
402 1502 1034 1572 perimus Math. viii. Sicut dicit
408 1554 1028 1625 magnus pater Augu. in li. de diffi-
254 1596 1035 1676 nitionibus Nullum credimus ad salutem nisi
260 1647 1022 1730 deo invitante venire. Nullum autem invitatum
249 1695 1031 1778 ad salutem nisi deo auxiliante operari. Nul-
261 1746 1028 1829 lum insuper nisi orantem auxilium promereri. Hec
258 1798 1026 1882 Augustinus. Et ideo apostoli in discrimine vite consti
242 1847 1025 1928 tuti ad divine pietatis presidium confugientes
254 1897 1016 1979 orant supplices. di. Domine salva nos perimus
243 1949 1020 2030 O si apostoli a deo vocati electi et predestinati in
254 1998 1019 2079 tribulationibus constituti non nisi orantes au-
242 2049 1025 2130 xilium meruerunt . quantum putamus nos miseros
248 2099 1016 2183 et indignos tot temptationibus pressos et cir-
254 2150 1025 2235 cumdatos oportere clamare. et orando impe
245 2198 1022 2288 trare auxilium in tempore oportuno ne pere
242 2249 1013 2339 amus. Ideo enim differtur bonum et crebrescunt
242 2300 1025 2390 mala in mundo ut oro fervescat. Dicit glosa
248 2353 1022 2437 super psalmorum. lxxxvii. Hinc salvator ait. Oportet
248 2401 1007 2488 semper orare et non deficere. Luce. xviii. cap.
242 2455 1016 2539 O si orant illi qui deum presentem habent et propin-
245 2503 1007 2590 quum. quantum nos a quibus longe est salus. Di-
248 2554 1007 2638 camus ergo et nos. Domine salva nos perimus
252 2607 1001 2692 In quibus verbis tria ponuntur. Primo enim
252 2647 1004 2745 apostoli confitentur domine maiestatis potestatem. ibi.
258 2699 1013 2799 Domine. Secundo invocant sue bonitatis pieta
246 2742 998 2848 tem. ibi. salva nos. Tertio ostendunt tribu-
246 2790 1007 2900 lationis sue gravitatem. virtutis sue et refutendi
252 2843 995 2948 infirmitatem. et clamoris sui necessitatem.
258 2899 500 2969 quia perimus.
885 2960 915 2995 A
260 2954 659 3047 Dixi primo
698 2995 995 3047 que in verbis premis
258 2980 1002 3097 sis primo confiten
249 3040 993 3143 tur apostoli divine maiestatis potestatem. ibi.
249 3098 996 3194 Domine. Certe magna potestas sui mare
1121 582 1893 642 et venti obediunt. immo omnia elementa. Et
1131 632 1898 693 quod plus est Omnia creata celestia terrestria
1113 681 1899 743 et infernalia Philip. ij. Omnes enim creature
1122 732 1893 793 digne obediunt et. omnes homines digne ser
1118 784 1887 841 viunt ei. Omnes angeli digne iubilant ei.
1115 836 1896 894 Omnes demones digne tremunt ei. Sed quo
1124 887 1893 948 niam reprobi non attendunt christi dominium su
1112 938 1895 1002 pra se. Ideo necesse est ut contemplemur quale
1124 991 1886 1051 est istud dominium. Probatur autem eius domi-
1106 1039 1886 1105 nium a potentia summa. a sapientia lucida et iu
1125 1090 1883 1153 sticia firma. De primo quomodo dominium istud pro
1107 1139 1880 1201 batur a potentia summa que attribuitur patri. Pa
1113 1191 1886 1247 tet. Nam potentiam summam dei probat operum di
1112 1239 1889 1300 vinorum magnitudo. Nam tam magnum ra al-
1106 1288 1889 1351 tum tam immensum est facere aliquid de nihi-
1109 1330 1883 1407 lo. ut omnes philosophi nequaquam hoc appre
1110 1375 1877 1456 hendere potuissent. Qui nullo modo hoc conce-
1116 1423 1883 1505 dere voluerunt. ut de nihilo aliquid fieri pos-
1107 1477 1877 1553 sit. Nec mirum cum nulla potentia quantumcunque
1104 1532 1887 1604 magna hoc facere post secundum naturalem ratio-
1107 1583 1877 1655 nem. Unde convenirent omnes potentie creatu-
1116 1637 1877 1702 rarum non possent unam muscam aut unum granum
1106 1691 1883 1752 papaueris creare. Si ergo omnis mundana
1103 1744 1883 1807 potentia tam spiritualis quam corporalis non potest ex
1103 1796 1877 1859 nihilo producere creaturam. Quanta ergo est illa
1112 1846 1874 1907 potentia quam immensa quam infinita. qui de nihilo
1107 1893 1877 1960 fecit tam nobilia tam magna elementa tam sub
1101 1944 1881 2008 limia celestia corpora tam spiritualem creaturam
1100 1993 1871 2054 Scripsit Rabi moyses quidam subtilis astro
1095 2046 1881 2105 nomus et theologus maximus. que quilibet
1100 2095 1872 2156 circulus planetarum habet in grossitudine spa
1092 2144 1881 2213 cium quingentorum annorum. i. quantum homo posset
1092 2196 1871 2265 per viam planam in quingentis annis incedere
1098 2249 1871 2319 ita que quolibet die iret per quattuor miliaria. et
1100 2301 1865 2372 quolibet miliare esset duorum milium passuum.
1091 2352 1865 2421 Et addit que inter circulum et circulum est simi
1094 2406 1868 2472 liter spacium quingentorum annorum. Et si tanta
1085 2457 1865 2522 magnitudo in quolibet inferiori circulo qui po
1094 2508 1871 2571 stea est in celo stellato. quid ulterius in aqueo
1100 2560 1862 2620 quid in empireo. Quanta ergo istius domini potentia
1091 2610 1856 2666 qui tam maxima de nihilo produxit. Unde He-
1085 2661 1869 2714 ster. xiii. bene dicitur. Domine rex omnipotens in ditione
1085 2712 1854 2764 tua cuncta sunt posita. Et non est qui possit
1085 2761 1863 2813 resistere voluntati tue. Tum enim fecisti celum
1095 2811 1847 2870 et terram. et omnia que celi ambitu continentur
1082 2860 1853 2924 Timenda est ergo ista potentia que sicut de ni-
1082 2917 1850 2980 hilo fecit omnia. Ita omnia potest in nihi
1079 2963 1853 3028 lum redigere. Multi sunt reges er princi-
1076 3011 1853 3077 pes qui vellent suis adversariis tantum fa
1082 3061 1844 3122 cere que eos in nihilum redigerent. Sed cer-
1079 3113 1856 3174 te exequi non possunt quod intendunt. Non
1070 3167 1854 3228 sic iste rex cui paret et obsequitur omnis cre
1716 3231 1806 3279 l 2
