2513 3951
428 372 1740 446 Dominica secunda post octa. epiphanie
309 485 1086 554 et Eccl. vii. Servus sensatus sit tibi dilectus
326 530 1085 611 Sed iam queritur inter servos ut fidelis quis
318 593 1088 662 inveniatur. et Math. Quis putas est servus pru-
311 644 1079 713 dens et fidelis. Deinde ponitur eius petitio
308 698 1085 764 Domine puer meus iacet in domo paraliti-
314 750 1085 815 cus. et male torquetur. Quattuor exprimit in
311 804 1088 865 ista petitione. Christi potentiam. Domine. seruvi
308 855 1082 911 impotentiam. iacet in domo. infirmitatis ma
311 908 1074 965 gnitudinem. paraliticus. magnitudinis angu-
308 956 1074 1016 stiam. male torquetur. Dicit ergo domine. scilicet qui vivi
300 1004 1071 1067 ficas et mortificas. i. Re. i. Puer meus non ab
308 1058 1073 1119 etate. sed a familiaritate. contra superbos do-
308 1110 1067 1172 minos que seruos contemnunt ut obnoxios. ia-
299 1162 1073 1223 cet in domo non expulsus de domo. contra
296 1212 1064 1271 inhumanos qui pellunt in plateas eos. i. Regum
309 1265 1079 1319 xxx. Dereliquit me dominus meus. et egrotare ce
302 1317 1064 1368 pi. Et non leviter infirmus sed paraliticus. Pa
296 1366 1067 1421 ralisis dicitur para quod est re. et lisis solutio. quasi
302 1422 1070 1477 resolutio et male torquetur. Sed quare non attu
296 1472 1074 1530 lit eum christum sicut illi qui submiserunt alium per
296 1521 1067 1580 tectum. Respondeo et credebat in absen-
302 1574 1074 1632 tia posse curare christum. Unde Orige. Non est
299 1623 1067 1682 opus ostendere omnia videnti. Sequitur christi
293 1673 1071 1733 promissio cum dicitur. Ego veniam et curabo eum
290 1723 1067 1783 Pulchrum verbum ad confusionem medicorum qui
290 1774 1070 1835 ad pauperes venire designantur. et si veniunt
290 1827 1073 1888 extunc non nisi pretaxato precio. ad divites autem
293 1880 1064 1940 currunt irrequisiti. Sed quare dicit. veniam.
296 1930 1070 1990 cum tamen eum solo verbo in absentia curavit.
308 1980 1070 2040 Respondeo que fecit propter hoc primo ut fidem
290 2024 1067 2090 in eo suscitaret. quasi diceret. non sum dignus etcetera.
311 2075 1058 2142 Secundo ut confunderet superbiam divitum qui ad
293 2127 1055 2195 pauperes in necessitate descendere dedignan
302 2177 1061 2246 tur. Unde Beda et glosa dicunt que christus ad fi-
293 2225 1064 2298 lium reguli descendere noluit. ut dicitur Joh.
299 2277 1061 2349 iiii. ne divitias honorare videretur. hic vero
299 2328 1070 2402 se iturum promisit ne servilem conditionem spernere
302 2382 1070 2450 videretur. Cum autem chritus esset in via misit centu-
290 2429 1067 2504 rio nuncios obviam et. ut dicitur Luce. vii. c. di
290 2480 1067 2556 cens. Domine sum dignus ut intres sub te
296 2531 1053 2606 ctum meum. Non dicit palacium. aulam. curiam vel
305 2586 1055 2658 thalamum. sed tectum. licet esset princeps. Hoc
299 2626 1061 2712 autem dixit. et gentilis erat unde timebat con-
303 2674 1061 2762 versari christo. quia iudeis abominabile erat
294 2719 1055 2816 comedere et bibere cum gentilibus. et etiam
300 2769 1055 2868 intrare domos eorum. ut dicitur Actuum. x. Et for
306 2819 1070 2918 te ideo secundum Rabanum. quia gentilis erat. et
300 2868 1055 2967 ideola in domo sua habebat. et ideo ex hu-
303 2917 1052 3017 militate christum a domo sua repellebat. timens
303 2969 1062 3068 ne aliquid in domo sua esset quod oculos chri-
300 3020 1062 3117 sti offenderet. et in hoc christum credebat esse deum
297 3077 1059 3171 et omnia scire. Unde Augusti. dicendo se
1164 521 1937 576 indignum prestitit se dignum. Sed tamen dicit ver-
1172 572 1947 626 bo. firmiter credebat que absens solo verbo
1155 623 1950 678 seruum suum curare poterat. propter hoc dicit. dic
1169 673 1940 731 verbo tamen et sanabitur puer meus. Credidit
1155 726 1944 778 enim que dei dicere esset facere. iuxta illud. Ipse
1161 776 1932 830 dixit et facta sunt. Et hoc probat per simile per se
1157 825 1931 881 dicens. Nam et ego homo sum sub potestate consti-
1157 878 1935 930 tutus. scilicet presidis vel imperatoris. q. di. Si
1157 932 1931 984 ego qui purus homo sum alio positus et ha
1148 983 1934 1035 beo potestatem in seruos. que mihi obediunt
1151 1035 1925 1085 ad voluntatem. multo magis tu qui nulli es subditus
1142 1081 1934 1133 et omnes tibi subditi sunt. Unde ex hoc arguit que
1142 1133 1919 1185 possit angelis imperare ut sanarent filium eius
1165 1186 1264 1227 E
1286 1184 1919 1236 Sed contra. cum christus sufficeret sine ver-
1142 1233 1929 1289 bo curare non debuit dicere. dic verbo. Respon
1148 1287 1928 1344 deo que non dixit ex infidelitate. sed ex discre
1136 1333 1925 1393 tione. scilicet que alii scirent que a christo curatus
1142 1381 1928 1447 esset. et sic ad fidem eius provocaret. Unde dicit
1146 1434 1922 1498 Nam et ego homo sum scilicet fragilis. sub po
1143 1486 1925 1546 testate constitutus. habens sub me milites
1143 1538 1910 1596 et dico huic vade et vadit. quantum ad nego
1143 1592 1911 1645 cium implendum in absentia. Et alio antiqua
1133 1648 1920 1691 grammatica est. i. alii veni et venit. quantum
1125 1699 1911 1744 ad officium implendum in presentia. et servo meo
1133 1749 1919 1799 fac hoc et facit. multo ergo magis tu hoc po-
1139 1802 1922 1851 tes facere. Audiens autem iesus miratus est.
1130 1851 1925 1904 audiens scilicet verba centurionis expres-
1140 1901 1922 1955 siva tante fidei. ut dicit Lyra. que sub vela-
1133 1954 1914 2002 mento carnis agnovisset excellentiam di-
1137 2002 1916 2053 vinitatis miratus est. Sed diceres. quo-
1133 2052 1902 2102 modo in christo fuit admiratio que consurgit in
1134 2106 1920 2156 homine ex alicuius incogniti et insoliti inspecti
1143 2159 1908 2205 one. Christus autem ab instanti conceptionis
1124 2208 1908 2258 fuit plenus sapientia. nec aliquid de novo agno
1131 2261 1919 2313 vit. ideo videtur que in christo non fuit ammiratio
1136 2313 1917 2363 secundum rem. sed tamen secundum apparentiam. et ad modum se
1127 2366 1916 2414 ammirantis habuit. nec ibi fuit fallitas.
1130 2419 1916 2462 et hoc fuit ad designandum aliquid verum. s. fidem cen
1134 2467 1910 2513 turionis et infidelitatem iudeorum. Sed verius di
1136 2520 1907 2565 cit Lyra que in christo fuit vera ammiratio. ad.
1130 2572 1904 2615 ostendendum veritatem humane nature. Ad
1139 2623 1907 2663 cuius evidentiam sciendum que christo ponitur
1142 2674 1908 2713 duplex scientia. Una divina que est eterna. et
1139 2727 1914 2765 secundum hoc non potest esse ammiratio. et nihil de no-
1143 2778 1913 2813 vo cognoscit. Alia humana et creata. Et hec
1137 2826 1911 2868 est duplex. Una visionis rerum in verbo. et
1133 2876 1913 2924 anima christi ab instanti conceptionis cognovit omnia
1130 2928 1904 2973 in verbo que cognoscit verbum noticia visi
1130 2980 1901 3023 onis . et hec sunt omnia que habent esse secundum quamcum-
1131 3030 1911 3073 que differentiam temporis. cuiusmodi sunt presentia preteri-
1130 3081 1907 3125 ta et futura. et immo secundum hanc scientiam non fuit ammi-
1124 3137 1926 3183 ratio in christo sicut nec innovatio Alia est scientia in christo
