2513 3951
590 357 1742 434 Dominica infra octa. Epipha.
339 468 1088 546 aut aliquid. aut flagitiosus est. Et idem di
345 522 1085 600 cit Thomas secunda secunde. q. clxix. ar. i. Intan-
338 574 1073 652 tum autem servanda est bona consuetudo.
338 628 1076 706 ut nullus estimet sine ea leges quantumcum-
335 680 1082 757 que salubres diu posse subsistere Nam sicut
332 733 1071 802 dicit Robertus holgot super librum Sa-
329 783 1076 858 pientie. c. xviij. que ad faciendum homines vir
326 833 1082 909 tuosos non sufficit solus sermo legum persua
326 882 1080 959 sivus cum multi iuvenes et alii proterui
329 933 1068 1007 etiam metu penarum legalium a malis non pos
317 982 1082 1058 sunt retrahi. Et ideo requiritur bona con-
318 1032 1068 1111 suetudo que paulatim exterminat inclina
314 1081 1067 1160 tionem passionis ad vicium. Unde ipse di-
320 1133 1079 1212 cit que posito que aliqui habeant virtutes ex
326 1184 1067 1255 inclinatione dispositionis naturalis ut bene
327 1235 1068 1299 compexionati. alii ex doctrina per exerci
321 1287 1077 1348 tium studii. non sufficit: nisi assit consuetudo
332 1335 1070 1401 per quam ipse appetitus inclinetur ad bonum.
323 1388 1067 1455 Habet enim consuetudo quandam vim et vio
317 1439 1071 1509 lentiam inclinantem ad bonum. Et ex hoc pa
323 1490 1068 1560 tet que ad bonitatem morum requiritur bona
326 1541 1068 1613 consuetudo. Que quidem consuetudo sicut
326 1591 1067 1667 et lex antiqua non est aliqualiter sine maxima
314 1638 1070 1718 et evidentissima causa mutanda. Nam secundum
326 1689 1076 1769 philosophum. ii. politicorum. nullo modo expedit ci-
324 1736 1064 1820 vitati ut faciliter mutet et abroget antiquas
321 1786 1061 1871 leges et consuetudines. quia hoc est indu-
326 1834 1067 1922 cere homines ad obediendum legibus et per con
314 1884 1064 1973 sequens mutare eas inducere ad contem
326 1937 1067 2022 nendum eas. et sic ad debilitandum et destruen-
317 1988 1067 2075 dum easdem. Et ideo dicit Holgot ibidem
320 2037 1064 2126 que melius est sinere quosdam parvos erro
317 2088 1064 2180 res modicos et leves quam solvere leges anti
311 2137 1065 2230 quas. Hec ille. Secundum documentum
309 2184 1073 2279 est parentibus ut assuefaciant pueros su-
309 2232 1065 2329 os ex iuventute ad divinum cultum et bonos
315 2281 1074 2380 mores. Unde Tren. iii. dicitur. Bonum est viro
318 2332 1056 2431 cum portaverit iugum ab adolescentia sua.
315 2385 1074 2482 Et Hieronimus epistula. lxxxix. ponit exem
314 2440 1062 2533 pla de brutis animalibus qualiter non nisi
305 2492 1052 2585 a iuventute sua possunt domari. et de arbu-
308 2542 1064 2638 stulis quarum arbores flecti possunt: non nisi
320 2593 1049 2687 in iuventute. Unde proverbium est que ca
314 2638 1061 2738 nis inveteratus nescit ire vinculatus vel
318 2683 1064 2792 cathenatus. Hinc Seneca dicit de se epistula
315 2729 1067 2843 lxiiii. Ante senectutem oravi ut bene viverem
315 2781 1055 2892 in senectute curavi ut bene morerer. Hinc
308 2823 1061 2943 Salomon consulit. Eccles. xi. Mane semina
303 2877 1061 2994 semen tuum. Et Eccles. xxv. Que in iuventu
309 2928 1044 3041 te non congregasti. quoniam in senectute inve-
309 2979 1047 3090 nies. Et beatus Aug. super Iohannem. omelia
288 3036 1059 3141 xxiii. reddit horum rationum naturalem
1166 513 1907 567 dicens. que memoria iuventum est quasi thesau
1157 566 1904 618 rus in quem quicquid posuerit in senium conser-
1155 614 1914 669 vant. Seneca etiam dat secundam rationem. Epistula
1148 667 1904 718 centesimatertia dicens. que iuventus homi-
1148 718 1905 769 nis est etas optima. et sic ad benefaciendum
1158 767 1908 821 magis oportuna apta et congrua. Dat et
1151 816 1914 873 idem Seneca aliam rationem tertiam. quia
1148 869 1898 923 illa etas est fortissima quantum ad ingenium
1160 920 1916 977 et vires corporis. Epistula. cxxxvii. et epistola.
1145 972 1901 1029 xcii. Non est igitur spectandum bene opera
1154 1026 1910 1079 ri usque in senium. quia secundum Grego. li. i. omeli
1142 1077 1904 1130 arum. omelia. i. illa etas est per omnia misera.
1154 1129 1910 1178 Et hoc sicut dicit Tulius libro de senec-
1154 1179 1910 1226 tute propter tria. quia revocat a rebus agen
1154 1230 1901 1276 dis. et quia corpus facit infirmum et omnibus
1154 1279 1898 1330 voluptatibus privat et non procul est a mor-
1154 1324 1907 1382 te. O quam multi senes dicunt illud Iob. xxix.
1154 1370 1907 1435 Quis mihi det ut sim iuxta dies pristinos
1155 1419 1901 1483 Nunc derident me iuvenes pauci temporis.
1149 1468 1904 1532 Ista deberent advertere parentes filios:
1143 1517 1913 1580 aut filias habentes quam graviter peccant as-
1158 1570 1910 1628 suefacientes eos a puericia ipsorum ad ma-
1155 1622 1896 1675 lum ad vanitates seculi. ad coreas. ad ludos.
1149 1675 1911 1729 ad spectacula. ad bouisationes. Quos eti
1142 1724 1904 1784 am postea in senio retrahere non possunt.
1142 1776 1904 1839 Iuxta illud. Quod puer assuescit dum vult
1154 1830 1895 1892 dimittere nescit. Talibus christus commi-
1142 1885 1901 1942 natur in die iudicii ve fletum et planctum
1155 1936 1904 1988 dicens illud Luce. xxiii. Filie hierusalem
1152 1987 1904 2036 nolite flere super me. scilicet pro eo que vos
1146 2036 1902 2087 condemno iuste. sed super vos et filios ve
1148 2088 1902 2141 stros flete. quos scilicet sic docuistis pecca
1145 2137 1898 2189 re. Tertium documentum est ut dies festos iu-
1143 2191 1907 2246 xta preceptum divinum in omni puritate et
1148 2239 1907 2299 devotione mentis celebremus exemplo christi
1151 2291 1907 2349 Marie et Ioseph. qui fuerunt omni purita
1142 2343 1895 2402 te et innocentia preclari. Tales enim de-
1145 2393 1898 2451 bent esse christiani in festivitatibus ut sint
1130 2444 1904 2501 absque peccato mortali. Alias enim totum
1148 2493 1895 2553 erit deo odibile quicquid ab eis fuerit in
1148 2545 1895 2602 peccato mortali tunc factum. Unde multis
1136 2596 1898 2650 comminatur dominus illud. Malachie. ii.
1145 2645 1893 2696 Dispergam super vultum vestrum stercus
1136 2697 1896 2744 solemnitatum vestrarum. Et Isa. i. Solen
1130 2745 1893 2798 nitates vestras odivit anima mea. Tren.
1136 2797 1890 2849 primo. Viderunt eam hostes et deriserunt
1131 2847 1893 2905 sabbata sua. Amos. v. Odi et proieci festi
1133 2896 1886 2957 vitates vestras dicit dominus. Ecce quo
1130 2945 1898 3011 modo deus vocat tales solennitates ster-
1139 2997 1886 3061 cora et abominationes. Tribus autem pec
1130 3048 1887 3109 catis solennitates nostre viciantur et pol-
1130 3104 1884 3162 luuntur. Primo per ineptam leticiam De quo
1769 3180 1838 3219 g 3
