2513 3951
542 423 1601 485 Dominica prima adventus
338 536 1097 614 Vel secundum Bedam. i. ab omni peccato singu-
347 597 1091 665 lariter immunis et immunes faciens. qui venit
335 645 1088 717 per carnis assumptionem. i. incarnatus est in nomine domini
336 699 1085 767 i. in nomine patris missus. et a deo patre missus ad
332 753 1085 815 explendum voluntatem eius et glorificandum eum.
332 802 1083 865 Deinde iterum verba repentes convertuntur
326 851 1088 918 ad ipsum. dicentes. osanna in excelsis. i. salva
341 899 1097 966 obsecro. Bis dicunt osanna. quia christus est sal
329 950 1091 1016 vator secundum utramque substantiam. scilicet divinam effe-
327 997 1092 1069 ctive. et humanam meritorie. Et ad sciendum
329 1044 1085 1121 de saluari intelligatur. determinant ubi seve
332 1099 1085 1172 lint salvari. scilicet in excelsis. i. in celestibus non
338 1152 1097 1224 in infimis et terrenis. salva in excelsis qui pri-
327 1202 1079 1273 us salvabis ab inferis. Ecce duplex salus
333 1249 1089 1319 una in liberatione pene: alia in collatione glo
339 1303 1086 1363 rie. ubi manifeste ostendictur que adventus christi:
332 1359 1097 1413 non tamen hominum. sed totius mundi salus est. in ex
323 1409 1086 1469 celsis. id est in celis et in terris. et terrena in-
338 1461 1089 1520 gens celestibus ut omne genu sibi flectatur
338 1511 935 1569 celestium terrestrium et infernorum.
1014 1533 1059 1575 B.
405 1562 1100 1629 Istum triplicem honorem debent chri
329 1611 1092 1679 stiani hodie facere christo spiritualiter. Pri-
335 1664 1094 1733 mo namque debent precedere christum per confessionem
335 1709 1094 1784 iuxta illud. Preoccupemus faciem eius im con-
335 1756 1088 1835 fessione. Secundo sequi per mandatorum impletio
326 1801 1082 1888 nem ut dicat quisque. Vestigia illius secutus
338 1851 1098 1940 est pes meus. Sic christus hortatur quemlibet
329 1903 1088 1991 dicens. Tollat crucem suam et sequitur me. Ter
338 1954 1088 2039 tio debent preparare viam christo per vestimento
335 2009 1083 2090 rum in via proiectionem. Via est presens vita. in qua
341 2061 1097 2139 vestimenta sternimus quando proximis exempla vir-
332 2112 1098 2195 tutum ostendimus. aut per martyrium. aut per
329 2163 1091 2247 continentie propositum. aut per ieiunium. aut per exer-
320 2211 1088 2298 citium. Vel vestimenta in via ad adventum christi
326 2260 1085 2348 sternere et deponere. est antiquam conversatio-
333 2310 1085 2399 nem peccati deponere. Ramos cedere de
327 2361 1091 2450 oliva est opera misericordie facere. Oliva enim mi
333 2413 1085 2503 sericordiam significat. Ramos palmarum ce-
323 2469 1098 2554 dere est de temptationibus triumphare et victoriam
329 2521 1082 2606 reportare. Palma enim victoriam significat.
317 2574 1082 2660 Et significantur hic tres status christo obsequen
320 2623 1085 2713 tes in ecclesia. prelati cedunt frondes. proferen
326 2671 1085 2765 tes exempla virentia sanctorum patrum ad ex
326 2716 1076 2819 emplum fidelium. Seculares vestimenta proii
332 2765 1079 2870 ciunt. et temporalia in christi obsequium expen
321 2810 1082 2921 dunt. Religiosi sunt ut asina et pullus. que dominum
327 2860 1079 2972 in se portant. in cordibus suis per gratiam habita
321 2910 1079 3020 re facientes. Tertio debent fideles lau-
315 2958 1088 3072 dare christum cum turbis. per quos significantur
327 3012 1088 3122 omnes contemplativi qui orationi et divine lau
318 3065 1088 3171 di magis sunt intenti. Hic moventur tria
312 3119 1080 3222 dubia. Primum est quare filius dei voluit
1175 576 1934 627 incarnari. Ad quod respondeo secundum Bernardum. super
1166 626 1934 681 Canti. sermone. xx. que hoc fecit ut carnalium
1167 677 1937 732 hominum: qui nisi carnaliter amare non pote
1179 728 1934 783 rant. cunctas primo ad sue carnis salutarem a-
1170 780 1929 832 morem affectiones retraheret. et deinde gra-
1169 834 1935 881 datim ad amorem perduceret spiritualem.
1169 885 1935 932 Hec ille. Secundum dubium est quare christus non
1172 936 1928 987 est incarnatus. ante quam eo tempore quo factum
1172 987 1931 1038 est. Respondeo secundum Tho. super. iii. sniarum dis.
1166 1038 1931 1091 i. Et libro. iiii. compendii. c. vii. que hoc de-
1175 1089 1928 1142 cuit primo ex eo ut homo defectum suum ag-
1166 1138 1934 1192 nosceret qui erat duplex. scilicet in cognitione et
1179 1191 1934 1240 in virtute. defectus in cognitione innocuit
1176 1244 1934 1292 homini tempore legis nature. quo multi non
1169 1295 1937 1343 obstante lumine naturali in pessimos er-
1157 1344 1940 1397 rores ydolatrie sunt prolapsi. Sed defe-
1169 1394 1943 1449 ctus in virtute innocuit homini tempore legis
1163 1437 1928 1500 scripte. quia tunc nullus eruditus per legem po-
1161 1485 1943 1549 tuit iugum peccati a se excludere. Ideo de-
1172 1538 1937 1600 cuit. ut post ista duo tempora quasi prepara-
1179 1592 1937 1646 toria veniret christus in mundum et non ante
1166 1644 1934 1699 Tertium dubium. Quare ita pauper ve-
1172 1695 1940 1754 nire voluit in mundum. Respondeo que hoc fecit
1172 1748 1943 1808 immo ut homini novam viam salvatis ostenderet
1172 1804 1925 1858 Adam enim amiserat honores. divitias et de
1169 1855 1931 1910 licias. Que tria voluit recuperare per alia
1172 1904 1922 1963 tria scilicet honorem per superbiam. divitias per
1167 1955 1925 2009 avariciam. delicias per luxuriam. Quia er-
1176 2004 1934 2061 go adam per illa tria recuperare non potuit
1173 2055 1934 2115 amissam dignitatem. venit filius dei et attu
1176 2106 1928 2168 lit alia tria. s. paupertatem contra mundi divi
1173 2157 1934 2219 tias. ut celestes acquireret. Secundo at-
1170 2208 1931 2271 tulit humilitatem contra diabolum. per
1164 2261 1925 2322 quam eius superbiam destrueret. Tertio
1172 2315 1907 2373 attulit asperitatem contra carnem. ut eius
1169 2366 1925 2423 destrueret voluptatem Unde quia totus
1169 2419 1919 2473 mundus istis tribus victiis erat infectus.
1166 2469 1923 2522 necessario christus debuit venire cum tri
1169 2522 1928 2574 bus remediis supradictis. Quare benedi
1160 2574 1925 2626 ctus sit: quia ita venit in nomine domini
1166 2625 1920 2672 Cuius benedictionis nos participes faci
1163 2674 1923 2726 at idem ipse benedictus et gloriosus in se-
1169 2724 1580 2771 cula seculorum Amen.
1251 2814 1853 2885 Sermo secundus dominice pri
1265 2874 1538 2922 me in adventu.
1209 3035 1227 3071 e
1352 2978 1932 3030 Cce rex tuus ve
1347 3045 1932 3093 nit tibi mansuetus. Matth. xxi.
1352 3085 1925 3145 Si consideremus fratres carissi-
1154 3140 1926 3200 mi humane dignitatis excellentiam. et donorum
1151 3195 1923 3251 ac beneficiorum affluentiam. quibus eam divine libe
1686 3254 1749 3299 a 5
