2513 3951
921 339 1208 379 Tabula
309 453 990 506 Homo meretur tripliciter fer. xxxvii.c.
323 508 912 553 Honor est triplex. sermo. xxiii. d.
320 561 899 604 Honor quid sit. sermone. xxiiii. c.
314 610 1091 674 Honoravit deus hominem in conditione sua
324 660 759 701 tripliciter. sermo. xxxii. a
323 712 1094 776 Hora nona est privilegiata quattuor pri=
314 760 690 802 vilegiis. sermo. lxxi. f.
317 813 1034 878 Hospitalitas debet quattuor haberee. ser. xci. a
323 862 1092 929 Hospitalitatis sunt quattuor utiitates. ibidem. c
320 912 1080 978 Hospes receptus debet in se quattuor habere. ibidem
317 960 993 1024 Humilitas vera quid sit. ser. xxvii. b.
327 1006 1008 1081 Quantam humilitatem debeat homo habere. ser. xv. a
323 1059 1082 1135 Humilitatis preconium ponitur. ser. xxxi. a. b. ser
335 1116 1094 1188 xlii. in prin. ser. li. c. ser. xciij. a. ser. cv. per to. ser cxvij.
1008 1203 1086 1241 prin. c.
323 1161 932 1230 Humilitatis necessitas declaratur. ser.
318 1210 708 1255 xxxi. d. ser. cv. in princi.
330 1258 1095 1333 Que sint inductiva ad humilitatem. ser. xlii. in prin.
329 1315 923 1373 Quid nos pricipue humiliet ibidem. a.
329 1368 858 1423 Humilitas tria facit. ser. liii. a
335 1420 990 1486 Humilitatis efficacia ostenditur. se. cv. in prin.
329 1476 930 1533 Humilitas per quinqu acquiritur ibidem. d
332 1530 1001 1588 Humilitatis vere sunt quinque signa. ibidem. e
336 1578 1046 1643 Humilitatis gradus sunt duodecim. ibidem
335 1630 1100 1699 Humilium exaltatio erit siblimis tripliciter
332 1681 521 1724 sermo cv. f
332 1736 1002 1795 Ad humilitatem tria monent. ser. cxvii. c
329 1781 995 1847 Humilis exaltatur in presenti tripliciter. ibidem. d
326 1831 1098 1903 Humiles exaltabuntur in futuro tripliciter. ibidem
338 1885 1100 1955 Christus assumpsit humilitatem quattuor
338 1941 599 1979 causis. ser. iij. b.
332 1993 932 2045 Humilitas in quo consistat. ser. viii. b
341 2046 1041 2107 Humilitatis effectus qui sint. ibidem
335 2098 1046 2159 Humilitatis gradus sunt duodecim. ser. xi. c.
332 2149 1104 2215 Quomodo ascendamus ad quemlibet gradum. ibidem
332 2197 1073 2264 Humilitas vera in quo consistat. ser. xv. a. ser. xxvi. b.
338 2248 1028 2315 Ad verum humilem duo requiruntur. ser. xv. a
341 2294 1101 2371 Humilitas debet esse tacita et leta. ibidem
339 2345 942 2410 Quis sit vere humilis. ser. xxvi. b
342 2394 1062 2471 Quomodo homo possit vere humiliari. ibidem
342 2451 1107 2524 Humilitas est maxime necessaria christiano. ser. xxxi. d
405 2608 453 2645 i
540 2545 1104 2623 Acent diversi di
518 2614 1041 2683 versimode viciati. ser. cxxi. d.
551 2673 1115 2741 Ieiunium antiqorum patrum declaratur
971 2746 1112 2792 ser. xlv. a.
339 2706 926 2777 Utrum esus carnium licuerit in sta-
341 2758 770 2816 tu nature lapse. ibidem
360 2809 959 2885 Iuiunium dictatur a natura. ibidem.
363 2862 1008 2941 Iuiunium persuadetur a paganis. ibidem.
348 2916 972 2987 Iuiunium suadetur a prophetis. ibidem.
342 2973 974 3035 Quare ieiunemus. xl. dies. ibidem b
348 3024 1056 3097 Quare non ieiunamus sicut christus. ibidem. s
342 3084 1113 3154 Quare esus carnium sit universaliter inter-
1163 474 1646 511 dictus in ieiunio. ser. xlv. e.
1155 528 1884 563 Quare ova interdicantur in quadragesima.
1163 577 1830 613 Quare lac interdicantur in quadragesima.
1163 630 1913 665 Quare caseus interdicantur in quadragesima ibidem
1157 679 1674 716 Quare vinum non prohibetur.
1166 730 1755 767 Quare solum in die semel comeditur
1167 783 1590 820 Quare pluries bibitur.
1163 835 1925 871 Que sit debita hora comedendi in ieiunio
1160 885 1418 923 sermone. xlv. e.
1172 937 1935 977 Quare vespere dicantur circa meridiem in quadra
1172 988 1443 1028 gesima. ibidem.
1169 1042 1841 1081 Quare non sic fiat in quatuor temporibus ibidem.
1160 1092 1773 1132 Ieiunium solvitur quintupliciter. ibidem. f.
1160 1143 1820 1186 Qui teneantur ieiunare et qui non. ibidem g.
1176 1197 1887 1235 Ieiunium meritorium debet tria haberee. ser. xlvi. a.
1172 1251 1932 1286 Que sit potissima ratio institutonis quadra
1166 1302 1544 1340 gesime. ser. xliii. in prin.
1169 1354 1818 1391 Ieiunium nostrum debet duo habere. ibidem. b.
1169 1400 1931 1443 Quid sit debitus modus ieiunandi. sermone
1164 1442 1490 1495 xliii. b. xlvii. in prin.
1167 1490 1934 1546 Debitus modus ieiunandi debet habere. iiii. ser. xliii. d
1185 1543 1785 1594 Ieiunium quare consulatur christianis. ser. ii. c
1184 1597 1740 1638 Ieiunii bona ponuntur. ser. xvii. a
1187 1654 1931 1698 Ierusalem quomodo interpretetur. ser. xxxiiii. in princi.
1188 1702 1934 1751 Ierusalem quare dicatur castellum et non civitas. sermo
1173 1762 1284 1799 ne. i. b.
1190 1813 1898 1856 Ierusalem quid significet. sermone primo. a.
1194 1865 1944 1910 Ignis significat caritatem propter quattuor cau-
1175 1915 1491 1955 sas. sermo. lxxv. d
1190 1966 1713 2008 Ignis est triplex. sermo. iiii. d
1181 2015 1763 2065 Ignium conflagratio qualis erit. ibidem
1184 2071 1854 2113 Ignis infernalis qualis sit. ser. xxii. g
1187 2122 1874 2164 Utrum anime torquantur igne corporeo. ibidem.
1196 2173 1950 2221 Ignorantia est multiplex. ser. xli. b. sermone
1179 2230 1461 2267 lvii. c. ser. cxxvii.
1187 2278 1941 2324 Ignorantia aliqua excusat omnino a pec-
1191 2329 1482 2372 cato. sermo. xli. b
1184 2384 1953 2430 Ignorantia aliqua excusat a tanto non a
1179 2439 1407 2474 toto. ibidem.
1200 2490 1953 2529 Ignorantia aliqua accusat non excusat. ser. xlv. b.
1200 2538 1680 2581 Illabi quid sit. sermo. cxx. b
1182 2590 1719 2633 Quis illabatur anime. ibidem
1181 2643 1947 2683 Illuminat christus multipliciter. ser. lxxviij. a.
1190 2697 1959 2733 Impatientie detestatio ponitur. ser. xxvi. b.
1193 2742 1845 2781 Imperium est sub sacerdotio. ser. v. a
1197 2796 1950 2837 Incarnationis christi cause que fuerint. ser. i. in. prin
1184 2848 1961 2891 ser. iii. in prin. ser. xxiii. in prin. ser. lxi. in prin. sermo
1178 2899 1949 2942 ne. lxxii in principio sermo. lxxiii. in principio
1190 2952 1895 2995 Incarnationis effectus que sint. ser. ii. in princi.
1188 3003 1959 3050 Incarnatio non est de condigno merita ab ali-
1188 3058 1962 3097 quo. sermo. ii. in principio. b. sermo. viii. in princ.
1185 3108 1950 3155 Quomodo respectu eius fuerit meritum
1838 3159 1968 3199 Bb 2
