2625 3500
335 311 1921 603 Curabis vero diligentissime ut occidentales ipsi his que facere proposuerint
410 556 1935 658 nos per sua scripta certificent quibus attente vehementerque memorabis quantum
396 629 1935 728 sit necessarium subsidia orientalibus supradictis afferre priusquam sevissimus
404 699 1905 809 ille Turcus eorum animum et conatus habens exploratos ostensis et illatis
398 783 1911 888 incomodis vi et armis ipsos a bono proposito divertat Sicque proni
407 861 1940 967 et cupientissimi in nostra presidia hii principes propter ostensam nobis fidem
411 942 1896 1055 et amiciciam paciantur Et demum nos amisso tali tantoque presidio cui
392 1033 1902 1135 vix par inveniri posset majoribus solito damnis periculisque implicemur
398 1115 1898 1216 Tu itaque pro solita devocione et obediencia tua hoc sanctum onus libenti
413 1205 1923 1308 subeas animo et ad Dei laudem fideliter exequi adnitaris pro quo apud
400 1267 1922 1384 Deum immortale premium et a Sede Apostolica graciam et benevolenciam conse
413 1356 1911 1451 quaris Datum Rome Apud Sanctum Petrum Anno Incarnacionis
392 1427 1923 1531 Dominice Millessimo quadringentesimo sexagesimo Idibus Januarii Pontificatus
411 1510 993 1622 nostrus Anno Tercio
1608 1579 1869 1698 Relacio ...
848 1699 1925 2106 Acta in Camera Apostolica
206 2091 2033 2513 Illustrissimo ac Altigenito principi ac domino domino
575 2472 2070 2622 Kazimiro Regi Polonie Magno duci Lithwanie Russie
575 2593 1964 2753 Prucieque domino ac heredi domino nostro gracioso
