2597 3500
624 368 2236 700 Inceram obsequendi pro debito Regio celsitudinis voluntatem
844 587 2247 669 Et si vestram inter regiam magnitudinem nonnullasque Civitatum locorum
806 649 2228 749 terre Prucie comunitates sibi supplices ex una Ac spectatum virum
711 697 2204 823 Lodewicum ordinis gloriose Virginis Marie fratrem in Almania Magistrum precep
711 765 2209 892 tores parte ex altera suffragatores suos superioribus armis in hodiernam
705 841 2244 981 usque lucem bella gesta pergrandia supretaque sint arma E quibus ut solent
716 922 2255 1035 hominum inortes strages populique vasta prochdolor profluxere primogenia viduarum
717 993 2234 1121 insuper pupillorum depravaciones innumeres de quibus dolemus non parum
708 1069 2234 1181 Opportebat ob id regiam non latere majestatem mandatum hoc principis
717 1141 2253 1257 quo nuper nobis Serenissimo ac Invictissimo a domino nostro gracioso Frederico
717 1211 2249 1347 Romanorum Imperatore arcius et libuit precipiendo mandatum extitit preter
717 1294 2265 1422 quod a plerisque Illustribus principibus excelsis dominis discretisque civitatum
707 1392 2243 1500 Rectoribus sepe sepius admoniti sumus ut nostris ingeniis viribus totisque
722 1472 2204 1570 conatibus has gwerras et bella regia quibus tamen non sufficius ad
704 1554 2286 1653 plenum cedaremus aut datis ultro citroque induciis difficiles bellorum
708 1643 2241 1721 dies in treugas studeremus avertere Quia igitur officii nostri ducimus Augusto
705 1702 2229 1805 semper parere edicto que certis Imperii fidelibus ascripti sumus am...usque
715 1776 2221 1884 servare pluriorum fatemur eas res actenus a nobis nusquam ceptas non
716 1872 2220 1954 quasi labores fugiamus partemus expensis aut rem publicam non eque
701 1937 2233 2036 diligamus Sed zelo optimo fidentique animo pacem perpetuam finem belli
692 2019 2257 2109 dietim flagitando ex singulis placitis sperabamus maxime illa ex generali
710 2094 2253 2187 dieta Glogovia in grandi novissime habita conspectore uti accepimus
706 2157 2192 2272 regia Majestate et eo magis pacem optabamus Treugis vero in ibi
704 2218 2316 2339 condictis nichil certius mente tulimus frustrari quo animo alme othanās
711 2316 2275 2418 reparemur oramus quam tocius Ad finem igitur ut regia majestas mente
679 2386 2228 2486 dignetur complectere quo cum desiderio et pacem et unionem pro summa
714 2482 2238 2567 reipublice complectimur felicitate Scire cupimus nos contentissimos et
710 2546 2273 2654 certis cum nostris amicis hac in re nobis morem gerentibus se que nullatenus
694 2642 2227 2748 partem aliquam facientibus pro placito Regie terenitatis que nobis semper
708 2719 2273 2833 carissima est ac bono publico mediatores gnē̄s laudatores contencionibus
707 2796 2256 2917 his alacujus interposituros Quantus bella ista rigida horrendaque dis
711 2882 2285 3002 cidia dm̄io mete prescindantur suffragio aut saltem treugarum portus
697 2961 2250 3064 applicetur ubi bella onusta excipiantur in totum quo in studio
709 3039 2252 3210 summam dabimus operam tempus ducemus pecuniam effundemus et demum
