2625 3500
389 392 1932 528 circiter fn̄tas videlicet sexto kalendas Mensis Maii proximas que ām pars est apcior
404 492 1928 604 atque lepidior et tranantibus mare tranquillius indulgere solet nuncios
385 540 1916 678 de nostros ambasiatores venturos prestolabimur dum tamen id vestram conducat
411 626 1895 749 serenitatem Regiis tunc desuper episcopalis per medium Rectorum honorabilium loci
396 709 1920 825 vestri Danczyk nobis redditis obsecramus fieri terciores Attentoque ante
400 783 1926 892 fato Spectato Magistro in omni qua supra forma similis his defen
413 856 1916 975 samus sperantes eundem a pacis methodo declinaturum minime Offerimus
396 951 1904 1063 demum et nos Regie Majestati pro bono publico cooperatores beni
404 1029 1911 1134 volos ac Regis in obsequiis paratissimos nos executores pollicemur
382 1114 1926 1215 Datum nostre Civitatis sub Sigillo Sabbato ante Nativitatem Marie Virginis
384 1192 1424 1329 gloriose Anno Domini etc sexagesimo secundo
1440 1283 1695 1407 Consules
1503 1391 1706 1484 Lubucenses
