7454 10095
1935 437 6579 874 gulum autem est figura habes quattuor latera quorum duo sunt equalia ut mino-
1721 779 6478 1088 ra et duo maiora sunt inequalia respectu minorum et et quodlibet signum habet
1710 992 6797 1317 triginta gradus in longitudine et duodecim in latitudine constituetur in quoli-
1710 1200 6786 1536 bet signo quadrilatera vel quadrangula et non quadrata figura nisi quadran
1716 1435 6382 1744 gulum caperetur pro quadrato quod in geometria est inconveniens quia quatratum
1710 1632 4621 2047 et quadrangulum sunt figure distincte specie.
1761 2013 6679 2422 ¶ Linea autem dividens zodiacum in circuitu ita que ex
1716 2417 6461 2764 una parte sui relinquuntur sex gradus et ex alia parte
1716 2798 6382 3185 sex dicitur linea ecliptica quoniam quando sol et luna sunt linea
1716 3213 6163 3550 liter sub illa contingit eclipsis solis et lune Solis ut
1710 3600 6691 3937 si sit novilunium et luna interponitur recte inter as
1716 4015 6803 4413 pectus nostros et corpus solare. Lune vero in pleni-
1710 4408 6640 4761 lunio quando sol opponitur dyametraliter unde e
1716 4772 6410 5154 clipsis lune nichil aliud est quam interpositio terre
1710 5193 6079 5569 inter corpus solis et lune Sol quidem semper decur
1716 5585 6775 6023 rit sub ecliptica omnes alii planete declinant vel ver
1710 5989 6623 6410 sus septentionem vel versus austrum quandoque autem
1710 6387 3297 6730 sunt sub eclipta.
1716 6752 6702 7083 ¶ Postquam Autor aliqua determinavit de signis zodiaci et divisione zodiaci
1710 6999 6820 7330 et cuius figure sunt signa zodiaci. quia figure quadrangule et non quadrate
1710 7245 6472 7520 re ut quidam dixerunt nunc consequenter ostendit quinque Primo ostendit
1710 7442 6522 7728 quid est linea ecliptica Secundo quare dicitur ecliptica. Et tertio quando fit eclip-
1710 7660 6764 7969 sis solis et lune Quarto ostendit quid est eclipsis lune et omnia ista dare ostendit
1716 7879 6393 8277 in textu Quinto ostendit quomodo sol et ceteri planete habent se respectu ecliptice
