7716 10141
878 561 5894 797 signa signantia sed et signa causantia. Signant enim mortalibus in hoc mundo
790 778 5894 1011 eventus futuros et causant etiam diversos effectus in his inferioribus unum et
934 994 5894 1228 scriptura inquid. Fecit deus duo luminaria magna unum luminare maius
830 1211 5894 1451 ut preesset diei et aliud luminare minus ut preesset nocti Subiungit et stellas ut
792 1474 2828 1667 essent in signa dies et annos.
928 1701 5894 1909 Secundo dicit autor in textu Que quodlibet signum zodi-
824 1903 5894 2149 aci divititur in triginta gradus secundum longitudinem. Unde et gradus est trigesi
828 2142 5894 2361 ma pars signi unius et omnes gradus zodiaci sunt. 360. patet multiplicando trigin
808 2354 5894 2573 ta per duodeci et venient. 360. gradus Quilibet autem gradus dividitur in sexaginta minu
828 2574 5894 2791 ta et quolibet minutum in sexaginta secunda et quodlibet secundam in. 60. tertia et sic consequenter
828 2791 5894 3009 usque in decimam quo modo et tabule illustrissimi Alfonsi regis romanorum et cas-
820 3023 5894 3221 telle sunt facte et ordinate. Sufficit tamen praxim in astronomicis praxibus fi-
816 3264 4198 3439 eri usque ad tertia et ex superabundant ad quarta
802 3514 5894 3714 Tertio Autor dicit in textu Que quilibet circulus in
792 3723 5894 3908 celo sive magnus parvus dividitur in. 360. gradus quemadmodum zodia-
830 3938 5894 4129 cus hoc tamen intelligendum est que licet in quolibet circulo celesti. 360. sunt gradus
830 4152 5894 4349 tamen isti gradus maiores sunt aut ymaginantur maiores esse in maiori circulo
816 4370 5894 4557 et minores in minori ut gradus in spera saturni maiores sunt quam in spera
822 4590 5894 4779 lune licet utrobique assignantur. 360. Ratio et sicut se habet totum ad totum sic pars
778 4812 5894 5001 ad partem constat autem que totus orbis saturni maior est quam totus orbis et spe
774 5036 5894 5223 ra lune omnium sperarum celestium est minima et per consequens etiam gra
798 5256 4434 5445 dus in spera saturni sunt maiores quam in spera lune.
818 5513 5894 5707 Quarto dicit autor in textu Que omnes circuli in celo
952 5726 5894 5907 ymaginantur esse ut linea tamen sed solus zodiacus intelligitur habere latitudi-
818 5952 5894 6131 nem cum longitutine et esse superficies que habet longitudinem et latitudinem cuius
782 6158 5894 6353 ratio est ista. et zodiacus habet 360. gradus in longitudine et ultra longitu-
782 6390 5894 6567 dinem 360. graduum habet duodecim gradus in latitudine et zodiacus et quodlibet
818 6606 5894 6797 signum intelligitur et superficies quedam habens longitudinem et latitudinem. Intelligen-
856 6826 5894 7013 dum autem dictum autoris de istis circulis de quibus loquitur in textu et certum
792 7037 5894 7229 est que orbes celestes planetrum habent spissitudinem longitudinem et latitudinem.
792 7257 5894 7449 et sunt corpora. Modo corpus continet in se longitudinem latitudinem et profundita-
816 7498 3700 7661 tem et corpus quodlibet habet tres dimensiones.
822 7739 5894 7937 Quinto Autor Infert unum corrollarium in textu et est
826 7956 5894 8151 que quidam male dicunt in astronomia signa duodeci esse quadrata et non quadran-
886 8177 5894 8355 gula differentia enim est magna inter quadratum et quadrangulum. ut ostendunt omnes
814 8403 5894 8607 geometrici. unde quadratum est figura cuius omnia latera sunt equalia. Qudran-
