7429 10100
1948 493 6676 909 ¶ Cum autem dicitur que sol est in ariete vel alio signo
1875 897 6682 1341 Sciendum que hec preposito in capitur pro sub secundum que
1791 1324 4295 1666 nunc accipimus siginum.
1707 1543 6670 1885 ¶ Postquam autor in precedentibus ostendit que duodecim sunt signa et duodecim no-
1701 1795 6805 2064 mina eorum. Iam consequenter ostendit quid sit planetam esse in signo et ostendit
1701 2014 6811 2311 quomodo signum accipitur quattuor modis et secundum hoc etiam planete dicuntur
1701 2238 5519 2525 esse in signis quattuor modis et dicitur ut patet in textu.
1707 2440 6805 2794 Notandum pro intellectu textu Que signum accipitur
1707 2710 6822 2996 quatuor modis Primo signum accipitur pro duodecima parte zodiaci et sic signum
1707 2923 6833 3192 Arietis vel Libre dicitur signum: zodiacus enim qui est circulus realis in celo
1701 3147 6822 3422 est realiter divisus in duodecim signa que habent significationem in rebus hic
3868 3355 6816 3630 in mundo. Intelligendum etiam est que cum di-
3880 3574 6755 3838 cimus communiter in astronomia sol vel lu
3868 3787 6828 4056 na vel alter planeta est in tali signo non est
3868 4034 6811 4270 estimandum que talis planeta esset in signo ta
3863 4225 6777 4505 li sicut locatum est in loco et nullus planeta
est localiter in octava spera sed intelligendum
3880 4657 6429 4937 est que planeta in tali signo id est sub tali
3868 4881 6766 5167 signo vel dicit autor in tex. sic que si traheretur
3852 5100 6732 5369 linea a tali planeta vel eius centro usque ad
3857 5324 6609 5583 octavam speram tunc talis linea dyametra
3891 5549 6822 5835 liter tangeret tale signum in octava spera.
1701 5908 6816 6273 ¶ In alia autem significatione dicitur signum pira
1701 6290 6687 6632 mis quadrilatera cuius basis est superficies quam appel-
1707 6722 6541 7098 lamus signum primo modo vertex vero eius in cen-
1707 7103 6676 7507 tro terre et secundum hoc proprie loquendo planetas di-
1701 7490 3610 7810 cimus esse in signis.
1707 7715 6738 8035 ¶ Postquam autor posuit acceptionem signi primo modo in qua significatione com-
1707 7962 6755 8282 muniter accipimus signum Iam consequenter ponit acceptionem signi. secundo modo
1701 8169 5008 8540 cuius fundamentum et basis est signum primo modo.
