7516 10112
2085 365 5852 792 Septentrionalis dicitur a septentrione hoc est mi-
757 857 5791 1070 nori ursa que dicitur a septem et trion quod est bos qui
770 1162 5683 1544 a septem stelle que sunt in ursa tarde moventur ad mo
1073 1561 5812 2050 dum bovis cum sint propinque polo : vel dicuntur il
775 1971 5868 2342 le septem stelle septentrionis quasi septem teriones
770 2387 4941 2763 80 que terunt partes circa polum. Articulus quidam dicitur
1843 2780 5868 3157 ab arctos quod est maior ursa. est enim iuxta maiorem ur
955 3190 5705 3600 sam borealis vero dicitur quia est in illa parte a qua
775 3634 2096 3915 venit boreas.
775 3792 5868 4162 ¶ Autor pro maiori declaratione eorum que dicta sunt et etiam dicendorum ostendit
775 4056 5868 4381 que duplex est polus mundi quidam que semper nobis apparet et dicit que habet
775 4286 5868 4595 tria nomina Primo vocatur polus septentrionalis. Secundo dicitur polus arti-
837 4505 5868 4870 cus. Tercio dicitur polus borialis declaratque in textu sufficienter quare his
989 4758 2169 5027 nominibus nominatur.
798 4949 5868 5303 Pro intellectu textus Notandum Que secundum intentio
770 5207 5868 5522 nem Cameracensis In tractatu suo de ymagine mundi. polus proprie non
1197 5426 5868 5724 est stella nec pars celi stellata sed est pars celi vel punctus non remote a stella
775 5645 5868 5937 maris immobilis invirtute eius cum alio polo in parte meridionali voluitur to
770 5864 5773 6179 tus mundus et universa structura mundi quemadmodum et omnis spera mobi
966 6084 5868 6393 lis vel rota habet suos polos in quibus voluitur polus ergonedum assignatur in
770 6303 5868 6606 celo sed in omni spera mobili est ergo polus id in quo voluitur aliqua spera vel ro-
927 6522 5868 6825 tundum vt in rota mobili Stella tamen maris et est prope polum ab stronomis dicitur
933 6746 5868 7067 polus Polus etiam aliquando nominatur celum et sic dicimus Deum esse in polo et sic non
1326 6971 5868 7275 capitur in proposito Filius etiam unus demogorgonis que primus deus fuit et
1191 7179 5868 7494 omnia progenuit polus dicitur qui in pallium suum scintillas collegit cum pater ei-
775 7387 5868 7685 us mundum fabricaret et volans in celum scintillas in speram celestem octavam impres=
775 7606 5868 7988 sit et eam stellatam fecit et stellas splendentes instituit isto modo etiam hic capitur
781 7864 2535 8196 polus hec cameracensis.
