7491 10116
1704 303 6512 657 ¶ Postquam Autor textu ostendit quid est orizon Et quare dicitur orizon
1681 584 6799 904 Nunc consequenter ostendit divisionem orizontis Et dicit que orizon est duplex
1642 781 4583 1090 scilicet Rectus et Obliquus ut patet in textu.
1659 1005 6664 1365 Notandum pro Intellectu textus Que divisio orizon
1664 1253 6709 1590 tis correspondet divisioni spere Dictum enim est in primo tractatu operis Que spe-
1619 1466 6315 1798 ra est duplex scilicet Recta et Obliqua que enim habitant precise sub equinoxiali circulo
1619 1680 6636 2006 habent speram rectam. Qui vero habitant extra equinoxialem circulum habent speram
1934 1905 6709 2219 obliquam secundum maiorem et minorem recessum sub equinoxiali circulo sic et isti ha-
1625 2129 6017 2439 bent orizontem rectum qui habitant precise sub equinoxiali circulo illis enim uter
1625 2354 6523 2663 que polus est in contactu orizontis et semper vident utrumque polum et stellas utri-
1636 2562 6782 2871 usque poli et semper habent equinoxum et equalitatem diei et noctis quolibet die
1664 2776 6743 3113 anni habitantes in civitate Arim que est precise in medio mundi sed isti ha-
1659 2989 6596 3310 bent orizontem obliquum qui non habitant directe sub equinoxiali circulo et illis
1675 3209 6630 3529 elevatur plus polus mundi unus quam alter et non est equinoxium eis quodli-
1636 3422 6293 3748 bet die sed solum bis in anno et augentur eis dies estatis secundum quod eis ma
1720 3647 6624 3984 gis elevatur polus ut habitantes in polonia habent elevationem poli septen
1681 3849 6338 4192 trionalis ad quinquaginta gradus et diem sedecim horarum et octo minutorum
1647 4096 6748 4383 aut decem in estate circa festa sancti viti habitantes autem insula Thile ha
1659 4293 6495 4619 bent maiorem elevationem poli et longitudinem diei in estate viginti horarum est
1850 4524 6231 4895 autem insula Thile insula septentrionalis Unde dixit Virgilius De Augusto
1642 4720 3430 5007 serviet tibi ultima Thile
1912 5102 6388 5518 ¶ Cenith autem capitis nostri semper est polus orizon-
1591 5485 6118 5895 tis unus ex hiis patet Que quanta est elevatio poli mun
1659 5872 6298 6311 di supra orizontem tanta est distantia cenith ab equinox
1625 6277 6737 6710 iali quod sic patet. Cum in quolibet die naturali uter
1636 6676 6619 7120 que colurus bis iungatur meridiano sive idem est que me-
1642 7064 6602 7497 ridianus quicdquid de uno probatur et de reliquo. Suma
1653 7440 6776 7896 tur igitur quarta pars coluri distinguentis solstitia
1642 7856 5809 8311 que est ab equinoxiali usque ad polum mundi Sumatur
