7616 10095
841 598 6021 716 medium universi et centrum universi et sic ipsa non potest descendere ad centrum vel
820 810 6010 954 medium universi. Cum autem hoc probatur quod terra est immobilis verum est secundum se totam
808 1030 6021 1174 intelligendo de motu locali que motu alterationis terra movetur et alteratur conti
826 1246 5980 1386 nue a corporibus celestibus et etiam in tremore terre movetur violenter ut dictam est
826 1468 6021 1602 superius et etiam licet una pars terre mutatur in aquam et de uno pugillo terre
842 1684 6021 1820 fiunt decem aque tamen totum elementum terre non mutatur in aquam. Terra enim est una
882 1899 6021 2038 pars principalis universi totum autem universum et eius partes principales non gene
814 2136 3356 2258 rantur et corrumpuntur ut dicitur primo celi.
970 2540 5880 2645 ¶ De quantitate Terre et eius ambitu In stadiis.
1148 2950 6021 3044 ¶ Totus autem terre Ambitus autoritate ambrosii,
830 3323 6020 3441 Theodosii Macrobii et euristenis philodophorum. 252000. sta-
822 3721 6021 3840 dia continere diffinitur unicuique quidem. ccclx. partium zo
860 4116 4194 4230 diaci. ccccccc. deputando stadia.
884 4312 6021 4464 ¶ Postquam autor in precedentibus ostendit figuram terre quo ad eius situm et quomodo
848 4544 5964 4648 ipsa est sicut centrum tocius universi et ipsa similiter est immobilis et sic est nul-
862 4750 6021 4872 lius sensibilis quantitatis respectu firmamenti et ultimi celi. Iam autor consequen-
844 4978 6021 5086 ter removet unum dubium et dictum est que terra respectu firmamenti est quasi punc-
910 5194 6021 5304 tus et centrum posset quis dubitare Si terra in se est alicuius quantitatis et di-
866 5416 5824 5536 cit autor que sic et ambitus ipsius terre continet stadia. 252000. intextu
900 5682 6021 5798 Notandum pro intellectu sequentium. Que determinatio
827 5878 6021 5999 ista de ambitu terre non est intelligenda de terra in qua habitamus et ista terra
849 6094 6021 6222 non habet ambitum circularem quod autor supponit sed intelligenda est determi
844 6324 6021 6436 natio autoris de toto elemento terre cuius tamen una pars et quarta et modicum ul
892 6546 6021 6656 tra iuxta ptholomeum in sapientius almagesti est libera ab aqua. ut enim dic-
874 6766 6021 6871 tum est ante Terra in qua habitamus est figure timpanalis stricta versus septen-
890 6973 6021 7092 trionem et lata versus meridiem ut ad sensum apparet in tabula generali et prima cos-
874 7194 6021 7306 mographie ptholomei licet aliqui dicunt eam esse dispositam sicut rethe pisca
882 7410 6021 7524 torum vel sicut clavus et pallium quod superius est strictum et versus inferiorem partem
928 7630 6021 7742 latum ut etiam dictum est ante Dicit autor intextu Que ambitus et circuitus terre
908 7848 6021 7964 continet. 252000. stadia Unde sciendum que iuxta cameracensem in libello de yma
861 8042 6021 8187 gine mundi. dicit hercules primo stadia instituit spaciumque terre hoc dixit stadium
940 8290 6021 8426 que uno spacium et anhelitu potuit percurrere unum et stadium a stando dicit et cum tale spa
