7608 10054
1730 596 6708 854 Sciendum etiam que nullus illorum circulorum de quibus autor loquitur in textu est sim
1633 848 6761 1068 pliciter realis sic que esset circulus realis habens esse reale permanens nisi solus
1696 1064 6714 1284 zodiacus qui est circulus realis octave spere continens in se. 360. gradus secundum
1712 1260 6761 1503 longitudinem et duodeci secundum latitudinem duodecim ymagines celestes in se reali
1688 1476 6761 1711 ter continens sub quo zodiaco omnes planete habent et perficiunt suos motus ut
1740 1704 6761 1932 dicetur inferius non tamen isti circuli sunt simpliciter ymaginarii sicut chimera vel
1780 1918 6590 2148 alia entia prohibita quibus nichil correspondet in re simpliciter sed dicuntur
1732 2138 6761 2366 ideo ymaginarii et non habent esse reale subsitentie simpliciter de equinoxi
1696 2360 6724 2586 ali circulo post dici. Cum enim sol est in principio arietis vel etiam libre realiter tali
1700 2582 6761 2796 motu suo perficit et facit circulum qui si haberet esse permanens aliis diebus erit
1696 2796 6761 3010 realis sicut in simili si quis accepto carbone ignito. et eo ligato cum filo ad a-
1700 3014 6761 3233 cum faciendo circulum faceret visui circulum igneum movendo circulariter talem carbonem
1692 3240 6761 3444 ignitur sed mox cessante tali motu amplius circulus talis non apparebit secus
1700 3460 6761 3666 autem est de orbibus et speris celestibus que sunt orbes reales esse reale habentes
1960 3872 6666 4062 ¶ Inter circulos autem maiores. Primo dicendum est
1730 4264 6618 4477 de equinoxiali. Est igitur equinoxialis circulus quidam
1704 4648 6761 4857 dividens speram in duo equalia secundum quamlibet partem
1806 5050 6476 5264 sui eque distans ab utroque polo. Et dicitur equinoxialis
1670 5404 6396 5649 quoniam quando sol transit per illum quod est bis in anno In principi
1682 5846 6761 6038 o scilicet arietis et in principio libre est equinoxicium in uni
1668 6250 6132 6424 versa terra unum etiam appellatur equator diei et noctis quia
2100 6665 6260 6823 adequat diem artificialem nocti et etiam dicitur cin-
1662 6989 3739 7186 gulus primi mobilis.
1686 7241 6761 7448 ¶ Postquam Autor ostendit quod in spera sunt duplices circuli maiores et mino
1668 7464 6761 7665 res iam consequenter determinat de primo circulo maiori que est equinoxialis et dicit in textu
1674 7742 6761 7920 Pro Intellectu textus Sciendum Que Equinoxilis cir-
1718 7950 6761 8132 culus habet tria nomina. Primo vocatur equinoxialis hac ratione qua cum sol descri-
1644 8182 6761 8355 bit istum circulum fit equinoxium et equalitas diei artificialis et noctis in toto uni-
