7487 10037
1632 484 6874 744 Canon de ambitu terre calculando iuxta astronomie
1650 688 6868 960 precepta et regulas. Notandum per ambitum terre intelligi ter circuitus tocius ele-
1632 902 6858 1182 menti terre et non habitabilis terre et talis non est rotunde figure sed circularis
1631 1126 6850 1400 de quo dictum est superius sufficienter. Quicquid ergo hic dicitur de ambitu et
1640 1342 6870 1616 circuitu terre hoc intelligendum est de circuitu et ambitu totius elementi terre
1632 1566 6840 1836 Continet itaque tocius terre ambitus iuxta priscorum astronomorum et physicorum doc
1631 1782 6532 2046 trinas. 252000. stadia Ad hoc itaque probandum supponatur que cuilibet gradui
1631 1995 6686 2280 in celo correspondent 700. stadia in terra quod et autor in textu affirmat et probat
1682 2228 6666 2490 per usum astrolabii et inquisitionem altitudinis et elevationem poli septentrionalis
1631 2438 6756 2716 ut clare dicit in textu. Si itaque volumus invenire praxi que in toto ambitu ter
1631 2660 6642 2936 re tocius sint 25 2000. stadia primo multiplicemus. 12. signa zodiaci per 30. quia
1631 2886 6734 3156 quodliber signum continet. 30 gradus venient gradus 360 tocius zodiaci deinde mul
1631 3104 6758 3374 tiplicemus 360. gradus per 700. stadia et veniet numerus stadiorum in ambi-
1631 3316 6740 3592 tu terre quem ponit autor in textu scilicet 25 2000. qui est circuitus et ambitus
1631 3542 2526 3702 tocius terre.
1656 3816 6738 4064 Cognito ambitu terre in stadiis. si volumus scire mi-
1631 4010 6710 4286 liaria ytalica in ambitu terre praxis et modus calculandi erit iste dividemus
1631 4230 6640 4504 in primis numerum stadiorum in ambitu terre per octo et octo stadia faciunt unum
1631 4445 6734 4728 miliarie ytalicum et pro primo quociente accipiuntur tria pro secundo unum pro tertio 5. et quid
1631 4670 6700 4948 quid remanet post divisionem hoc addatur ad ultimum quociente scilicet ad quinque ex
1631 4887 6740 5164 et manent due cifre addantur ergo et apponantur post ultimum quocientem scilicet quinque
1631 5103 5892 5354 et venient miliaria 31500. in ambitu terre in miliaribus ytalicis
1631 5378 6694 5634 Cognito ambitu terre in miliaribus ytalicis. Si vo
1672 5578 6314 5854 lumus enim scire miliaribus magnis germanicis dividemus numerum miliario
1631 5798 6686 6084 rum ytaliorum scilicet. 31500. per duo eo que duo miliaria parva vel ytalica faciunt vnum
1631 6012 6620 6314 magnum germanicum et capiatur pro primo quociente unum pro secundo. 5. pro tertio. 7. pro
1631 6240 5372 6472 quarto. 5. et veniet numerus iste quociens 15750. miliaria.
1631 6500 6626 6772 Cognito ambitu terre. In stadiis et miliaribus Galli-
1631 6702 6618 6992 cis et parvis et similiter in miliaribus magnis vel germanicis. Si volumus
1631 6918 6644 7214 terre habitabilis scire stadia miliaria parva sive etiam magna tali ordine ince
1631 7140 6620 7428 dere oportet primo presupponatur iuxta ptholomeum in sapientis almagesti dic
1631 7359 6638 7656 tione prima Que tantum quarta pars terre habitabilis relique autem tres partes
1631 7561 6536 7868 terre sunt inhabitabiles propter aquam que eas occupat. Si ergo dividatur totus
1631 7788 6610 8094 ambitus terre per. 4. scilicet 252000. venient in quociente stadia quarte partis am
1631 8024 6622 8332 bitus terre scilicet 63000. Si aut miliaria magna in toto ambitu terre 15750.
