7716 10141
867 416 5889 822 signa signantia sed et signa causantia. Signant enim mortalibus in hoc mundo
783 670 5889 991 eventus futuros et causant etiam diversos effectus in his inferioribus unum et
924 884 5889 1239 scriptura inquid. Fecit deus duo luminaria magna unum luminare maius
822 1109 5889 1464 ut preesset diei et aliud luminare minus ut preesset nocti Subiungit et stellas ut
783 1369 2823 1639 essent in signa dies et annos.
924 1538 5889 1932 Secundo dicit autor in textu Que quodlibet signum zodi-
817 1802 5889 2174 aci divititur in triginta gradus secundum longitudinem. Unde et gradus est trigesi
817 2062 5889 2366 ma pars signi unius et omnes gradus zodiaci sunt. 360. patet multiplicando trigin
800 2247 5889 2602 ta per duodeci et venient. 360. gradus Quilibet autem gradus dividitur in sexaginta minu
817 2501 5889 2788 ta et quolibet minutum in sexaginta secunda et quodlibet secundam in. 60. tertia et sic consequenter
817 2715 5889 3008 usque in decimam quo modo et tabule illustrissimi Alfonsi regis romanorum et cas-
811 2923 5889 3245 telle sunt facte et ordinate. Sufficit tamen praxim in astronomicis praxibus fi-
805 3177 4193 3419 eri usque ad tertia et ex superabundant ad quarta
794 3352 5889 3718 Tertio Autor dicit in textu Que quilibet circulus in
783 3628 5889 3904 celo sive magnus parvus dividitur in. 360. gradus quemadmodum zodia-
822 3842 5889 4140 cus hoc tamen intelligendum est que licet in quolibet circulo celesti. 360. sunt gradus
822 4056 5889 4349 tamen isti gradus maiores sunt aut ymaginantur maiores esse in maiori circulo
811 4264 5889 4557 et minores in minori ut gradus in spera saturni maiores sunt quam in spera
817 4490 5889 4800 lune licet utrobique assignantur. 360. Ratio et sicut se habet totum ad totum sic pars
772 4721 5889 5002 ad partem constat autem que totus orbis saturni maior est quam totus orbis et spe
766 4929 5889 5250 ra lune omnium sperarum celestium est minima et per consequens etiam gra
789 5177 4430 5447 dus in spera saturni sunt maiores quam in spera lune.
811 5363 5889 5718 Quarto dicit autor in textu Que omnes circuli in celo
946 5628 5889 5915 ymaginantur esse ut linea tamen sed solus zodiacus intelligitur habere latitudi-
811 5842 5889 6140 nem cum longitutine et esse superficies que habet longitudinem et latitudinem cuius
772 6067 5889 6366 ratio est ista. et zodiacus habet 360. gradus in longitudine et ultra longitu-
772 6287 5889 6574 dinem 360. graduum habet duodecim gradus in latitudine et zodiacus et quodlibet
817 6495 5889 6822 signum intelligitur et superficies quedam habens longitudinem et latitudinem. Intelligen-
845 6732 5889 6997 dum autem dictum autoris de istis circulis de quibus loquitur in textu et certum
783 6929 5889 7245 est que orbes celestes planetrum habent spissitudinem longitudinem et latitudinem.
789 7149 5889 7464 et sunt corpora. Modo corpus continet in se longitudinem latitudinem et profundita-
805 7408 3697 7667 tem et corpus quodlibet habet tres dimensiones.
811 7588 5889 7943 Quinto Autor Infert unum corrollarium in textu et est
817 7853 5889 8157 que quidam male dicunt in astronomia signa duodeci esse quadrata et non quadran-
879 8078 5889 8371 gula differentia enim est magna inter quadratum et quadrangulum. ut ostendunt omnes
805 8287 5889 8659 geometrici. unde quadratum est figura cuius omnia latera sunt equalia. Qudran-
