1797 2560
433 286 1700 328 ille tenetur pure sinkathegreumatice. et non supponit. aliomodo demonstra-
447 336 1697 374 tive ut socrates currit et ille movetur. tercio modo. indefinite ut quando non demonstant
444 385 1700 424 nec referunt aliquam rem certam. ut quis nos separabit a charitate Christi et sic etiam
439 433 1695 475 non supponit. cum sit purum sinkathegreuma. ad aliud dicendum que ut sunt
444 481 1699 523 adiectiva pura non supponunt sed ut sobordinantur conceptui relati sic bene
448 530 1699 574 supponunt. ad aliud dicendum que relativa habent ex impositione primaria
444 580 1678 623 referre. et ergo pro illo supponunt. quod referunt. Et per hoc patet ad secundum secundi
444 629 1698 670 ¶ Ad secundum dicit Alexander in secunda parte doctrinalis. que Iy quod supponit ma
449 680 1697 718 terialiter. et non personaliter sicut suum antecedens. sive relatum. vel ut dicit Gre
448 729 1696 765 cismus. quod ibi est relatio re. et non voce. et fit quoniam relativum refertur ad antecedens
449 777 1699 817 expressum. licet vox ad aliud comformetur. ut semen qui Christus habetur dicere
454 827 1698 867 Grecismus. vel dicendum que Iy quod refert Iy nomen inclusum sicut superius
448 877 1699 916 in suo inferiori. s. Iy aureola: ad aliud: dicendum que pronomina relativa id idem
447 925 1695 960 significant quod referunt vel demonstrant. ut dicit Grecis. Sed nomina referunt
447 972 1698 1011 substantiam et significant dispositionem accidentalem vel etiam essentialem. ut Iy talis
455 1020 1697 1062 ergo pro illis supponunt que referunt. ¶ Ad tercium dicitur primo. que hoc est maxime
447 1070 1701 1111 a modo concipiendi intellectus. aliter et aliter concipientis relativum in
451 1119 1700 1160 copulatiua quam in distinctiva etcetera. super quo quidem modo concipiendi fun-
458 1170 1708 1207 datur suppositio relativorum sicut et alie passiones logicales. ut dicit Iohannes
451 1218 1696 1257 Dorp in tractatu relativorum. dicitur secundo a quibusdam. que quia relativorum suppositio
456 1270 1698 1307 maxime a modo concipiendi dependet qui est alius. ad alios homines
455 1316 1696 1355 Ideo omnis propositio de relativo idemtitatis non reciproco est distinguen-
456 1363 1694 1402 da. quia vel relativum referet antecedens ad omne illud pro quo ipsum est sup
447 1413 1697 1454 ponibile vel tantummodo ad illud pro quo propositio sui antecedentis est verifi-
447 1462 1690 1502 cabilis. secundum quod intellectus potest concipere tale relativum. ad aliud et aliud
447 1513 1698 1549 et isti dicunt que non est necessarium ponere tales regulas quas posuimus de
454 1562 1701 1601 suppositione relativorum. modus tamen prior est veritati conformior et a Ioanne
445 1611 1700 1651 Dorp: approbatur. ad aliud dicendum que Iy econtra et econverso. pro alio et alio
445 1660 1696 1699 supponunt secundum quod alterius et alterius convertabilitatem vel conversionem im
445 1706 1696 1745 portant. Cum enim dicitur homo est animal et econtra. Iy econtra subordinatur isti
452 1755 1700 1794 animal est homo. et ideo talium significatio dependet a propositione post quam ponuntur
443 1800 1099 1843 Et similiter dicatur de econverso. patet etcetera.
448 1874 1698 1921 Et si quis diceret. Nego que hic Iy ille supponit. immo dico que hec est falsa. et
448 1969 1703 2016 ille erit. quia Iy pro nullo supponit Respondeo primo. quod hoc est contra
439 2058 1708 2103 regulam precedentem. secundo que hoc est contra naturalem conceptionem intel
437 2126 1693 2172 lectus. Nam posito casu que antichristus erit et non aduc intellectus con
