1796 2562
431 292 1697 328 Relativum enim solum supponit illis pro quibus propositio in qua po
434 384 1703 422 nitur suum antecedens verificatur. Secunda regula non oportet Relativum
443 478 1697 523 pro tot supponere sicut suum antecedens. patet hoc ex declaratione regule
451 567 1699 609 precedentis. Nam relativum solum supponit pro illis pro quibus propositio
439 657 1700 701 in qua ponitur suum antecedens verificatur. Sed antecedens sepe supponit pro
443 751 1697 797 pluribus aliis. ut in ista. asinus est animal. Iy animal supponit indifferenter
445 844 1699 885 et disiunctive. pro omnibus aliis animalibus sed solum pro rudibilibus veri
438 942 1744 980 ficatur. Tercia regula Relativum idemtitatis. si supponit. supponit precise
438 1029 1691 1074 pro illis pro quibus propositio in qua ponitur suum antecedens. verificatur. ita
434 1117 1693 1165 que vero pro pluribus. nec etiam pro paucioribus prima pars patet per primam
435 1209 1692 1254 regulam. secunda pars patet. quia intellectus semper accipit relativum pro illis pro
440 1299 1700 1356 quibus propositio in qua ponitur antecedens verificatur. ut hic omnis homo
436 1395 1699 1443 est albus. et ille est coloratus intellectus capit Iy pro hominibus albis.
442 1482 1693 1535 quia pro illis propositio in qua ponitur antecedens verificatur. et hec regula etiam
436 1568 1700 1628 patet ex alio. cum omnes dicunt. que relativum pro illis supponit. pro quibus pro-
420 1662 1692 1710 positio in qua ponitur suum anntecedens verificatur. que igitur esset ratio. quod pro
424 1752 1684 1795 uno et non pro alio. relativum supponeret. patet. quod nulla. Relinquitur igitur. que
422 1833 1692 1875 relativum pro omnibus supponit pro quibus propositio in qua suum ante-
421 1935 1694 1973 cedens ponitur verificatur. et non pro pluribus ex qua sequuntur aliqua co-
420 2021 1688 2065 rollaria: primum: Relativum quoque supponit antecedente suo non supponente
417 2117 1695 2159 patet in hac copulativa. antichristus non est et ille erit. nam Iy antichristus
