1762 2554
139 224 1367 350 Notandum secundo. que Mar. in hac littera
116 330 1378 407 duo ponit notabilia. Primum est. licet contingat relativum alia suppositione
119 388 1365 455 in genere vel in specie supponere quam suum antecedens. non tamen contin
126 438 1368 505 git ipsum pro aliis supponere quam pro illis pro quibus suum antecedens
130 486 1374 550 natum est verificari vel propositio sui antecedentis. ut dictum est in secunda
123 539 1371 597 questione procedentis littere in corollario tercio tercie regule. Secundum no-
126 587 1355 639 tabile est. Iy suus potest duo referre. s. possessorem. et hoc in obliquo huius
124 635 1365 699 pronominis ipse. aliud est quod refert sive quod significat est res possessa. quam
123 685 1372 743 significat in recto. Et confirmat suam sententiam per doctrinale Alexan-
126 732 1370 791 dri. qui in prima parte sui dicit capitulo de declinatione pronominum.
126 780 1364 844 Personas duplices hec designare videntur. Cum possessore possessio si-
119 830 1260 893 gnificatur etcetera. Et declarat hoc ipsum exemplariter ut patet in textu
151 881 1367 979 Pro quorum maiori noticia adverte.
124 973 1365 1030 que pronomina reciproca sunt duplicia. s. primitiva et derivatiua. Primi-
119 1020 1365 1076 tiva ut se sui ipsemet etcetera. et talia sunt prius diffinita. Alia sunt derivativa
124 1067 1365 1128 que. s. ab istis formantur et important duo. s. rem possessam et possessorem
119 1116 1361 1180 ut meus tuus suus etcetera. Et talia possunt referre dupiciter. s. reciproce. et homo
120 1164 1365 1221 quando ponuntur in eadem kathegorica cum suo antecedente. ut socrates vi-
126 1214 1355 1272 det suum asinum. Alio modo non reciproce. ut quando ponuntur in alia ka
123 1258 1370 1325 thegorica a suo antecedente ut Nicolaus legit et suus discipulus scribit. et
119 1306 1368 1376 tunc non est relativum reciprocum. immo loco eius licet ponere gratiam sui antecedentis
126 1362 1340 1428 ut dicit Mar. in textu et tales equivalebit propositiones. et pro suppositione horum.
134 1410 1364 1509 Notandum tercio. que de suppositione
129 1502 1368 1562 Relativorum idemtitatis substantie reciprocorum sunt due regule. prima
124 1552 1316 1611 de primitivis. secunda de derivativis reciprocis pronominibus sit ergo.
124 1604 1371 1660 ¶ Prima regula ista. Relativum idemtitatis substantie reciprocum. pri
116 1653 1368 1714 mitive speciei supponens. supponit pro omni illo pro quo suum antece-
127 1704 1370 1756 dens. et eodem modo sicut suum antecedens. nisi aliqua determinatio ad-
123 1750 1371 1811 dita sibi impediat vel genus. ut dicendo quilibet homo videt se Iy se sup-
126 1801 1361 1854 ponit pro omni illo pro quo Iy homo et eodem modo. Et dicitur nisi a-
liqua determinatio sibi addita impediat quia si sic tunc non oportet re-
lativum tale eodem modo supponere sicut suum antecedens nec pro omni
124 1942 1367 2006 illo pro quo suum antecedens ut quilibet homo videt se existentem socrates.
115 1986 1368 2057 Dicitur secundo. nisi impediat genus. id est si relativum tale non fuerit eiusdem generis
122 2036 1374 2105 sicut suum antecedens. extunc non oportet ipsum supponem pro omni illo quo suum ante-
119 2085 1375 2200 cedens. ut omnis homo est ipsemet Iy precise pro veris supponit.
