1756 2572
91 205 1365 295 per regulam Sco. in quarta dis. primi. q. f. dicentem. Omnis terminus concretus
94 268 1342 342 suppositaliter non extraneatus potest supponere pro suppositis sive personaliter
101 318 1339 387 Unde predicatum est duplex. s. extraneans suppositaliter et est quod convenit alicui
102 370 1338 440 subiecto precise pro suo significato ultimato adequato. et hoc vocatur ab aliis. po-
101 418 1348 490 nens differentiam inter superius et inferius. ut hoc est species Iy species est predicatum
101 467 1339 538 suppositaliter extraneans. patet Aliud est predicatum non extraneans suppositaliter
94 518 1355 582 sive non ponens differentiam inter superius et inferius quod idem est. et est quod indiffe-
92 574 1349 634 renter potest addi subiecto et pro suo significato adequato et inadequato. sicut animal
94 620 1349 683 de Iy homo. Et ponitur Regula. Omnis terminus sumtpus. pro significato ultimato
92 668 1344 734 respectu subiecti vel predicati non extraneantis ipsum suppositaliter supponit per
102 717 1344 774 sonaliter. patet ex dictis. Unde suppositio dicitur personalis non quia terminus taliter
104 767 1349 827 supponens semper accipiatur pro persona id est intelligibilis nature incommunicabili
95 811 1359 875 existentia. ut dicit Richar. iiii. de Trinitate. ca. xxii. sed quia aliquis terminus ta
100 863 1359 925 liter supponens supponit pro persona. ergo a tali tanquam a nobiliori fit denomi-
94 920 1361 970 natio. sicut hic deus genuit deum: Iy deus in subiecto supponit pro patre. et Iy
deum in predicato pro filio. ut dicit Sco. iiii. dis. primi. q. i. de suppositione simplici
91 1017 1359 1074 que opponitur personali dicetur domino favente. circa fugam. Mar. Unde
101 1058 1358 1120 Suppositio materialis simplex et personalis est duplex. s. discreta et commu-
104 1110 1349 1170 nis. discreta in genere est ut dicit Mar. acceptio termini discreti. pro uno solo
105 1158 1347 1215 id est pro aliquo incommunicabili pluribus. vel sic. est acceptio termini discreti
102 1203 1352 1261 pro uno solo.id est acceptio termini discreti discretenti. pro aliquo de quo
107 1250 1351 1314 vel de quibus. s. copulatim et non divisim sumptis. talis terminus verficatur
105 1298 1351 1366 mediante copula talis propositionis. ¶ Pro cuius noticia diffinitionis Mar.
108 1356 1352 1413 diffinit terminum discretum discrete tentum dicens. est inquit. cui ex modo sue primarie
101 1406 1359 1458 impositionis vel naturalis significationis repugnat supponere pro pluribus di-
105 1453 1355 1511 visim et univoce. mediante copula non ampliata. et dicitur primo. ex modo sue prima
92 1496 1355 1558 rie impositionis propter terminos vocales et scriptos discrete tentos. Dicitur
104 1546 1352 1607 vel naturalis significationis. propter terminos mentales ultimatos singulares qui
98 1593 1357 1656 mere naturaliter significant. talibus enim repugnat supponere divisim. id est pro quo
104 1641 1345 1707 libet plurium seorsum pro pluribus. et per hoc excluduntur isti intermini. sol mundus.
100 1690 1349 1756 quibus et si repugnet supponere pro pluribus. propter suppositorum plurium defe
105 1743 1345 1804 ctionem non tamen significationis impositionem. unde si deus cras duos soles crearet.
101 1788 1379 1847 Iy sol de significato inadequato illos significaret. Et generaliter. omnis terminus significans
104 1838 1351 1898 aliquid communicabile multis est terminus communis. Et significans non commu-
104 1886 1349 1943 nicabile multis est terminus singularis. Et dico ita communicabile multis
107 1934 1349 1997 quorum quodlibet est ipsum. id est sicut superius suo inferiori. quia licet hec femina
102 1986 1345 2046 sit communicabilis in matrimonium. huic vel illi. non tamen ipsi sunt hec femina
107 2029 1395 2099 formaliter. id est essentialiter. Dicitur divisim. quia terminus discretus potest sup-
104 2080 1352 2180 ponere pro pluribus coniunctim. sicut fortes et plato. Pro quo adverte.
1168 2127 1278 2230 B 3
