1791 2579
430 273 1684 313 potest capi dupliciter. s. Collective ut quoniam denotat predicatum omnibus sub
428 322 1690 361 subiecto contentis convenire. et sic ista est vera. omnes apostoli dei sunt. xii. patet descendendo
426 371 1692 411 sub subiecto eius sic. ergo isti apostoli dei petro et paulo demonstratis. et isti apo-
426 421 1680 459 stoli dei ia. et ioanne demonstratis etceteriis. omnes enumerando. sunt. xii. et est inde-
425 469 1689 508 finita. cuius subiectum supponit confuse tamen copulatim. Alio modo accipitur
427 517 1681 558 Iy omnes distributive. et hoc quando predicatum denotatur convenire
430 567 1678 608 subiecto cuilibet. de quo verificabile est. subiectum in numero plurali. ita que
428 616 1680 658 de quocumque verum est dicere subiectum de eodem et predicatum. et sic ista est falsa
433 665 1687 705 omnes appostoli etcetera. patet quia de aliquibus verum est dicere subiectum ut de. p.
434 714 1686 753 et ia. de quibus non est verum dicere predicatum. Ex quo duo non sunt. xii. per talem etenim
435 761 1688 800 Regulam omnes universales verificantur. s. de quocumque verum est dicere subiectum et predicatum
430 809 1686 854 sicut omnis homo est animal est vera universalis. quia de quocumque verum est dicere quod sit homo
430 860 1688 902 de eodem verum dicere quod est animal. patet per regulam primam ante-
428 909 1680 947 predicamentalem. quoniam alterum de altero predicatur. ut de subiecto quocumque de eo quod predicatur
434 959 1648 995 dicuntur in primo vel in secundo modo per se. etiam de subiecto dicuntur
467 1039 1671 1080 Notandum tercio. quod aduc terminus
433 1099 1685 1136 dicitur supponere confuse distributive dupliciter. s. distributione absoluta et aco-
427 1147 1681 1184 moda. absoluta. ut quando distribuitur pro omnibus suis inferioribus. et
434 1196 1677 1234 sub termino taliter supponente debet descendi ad omnia eius singularia. et sic
433 1246 1686 1282 dicimus trivialiter. qui dicit omnis nihil excludit. id est quod accipit terminum
434 1295 1675 1333 distributione absoluta etcetera. Sed acomoda. quando distribuitur terminus
431 1341 1683 1384 pro suppositis non tum pro omnibus isto modo dicimus hanc esse veram.
440 1393 1688 1428 celum tegit omnia. inquantum. s. Iy omnia habet distributionem acomodam
430 1440 1688 1479 non autem absolutam. valet enim istam celum tegit omnia. s. alia a se Similiter
430 1490 1690 1528 ibi. predicate evangelium omni creature. tunc alias falsum esset evangelium. cum
437 1538 1692 1575 asini non egeant predicatione. Et adverte. que non est idem dicere distribuere ter-
428 1587 1690 1625 minum. et supponere confuse distributive terminum. nam terminum distribui
435 1636 1686 1674 est ipsum copulative pro suis significatis accipi. sive sit verificabilis de ipsis sive
429 1683 1690 1722 non. et sic Iy Chimera distribuitur in ista. nulla chimera est chimera. quia
436 1729 1692 1770 est propositio universalis negativa non tamen supponit confuse distribu-
427 1779 1687 1820 tive. ad hoc enim quod aliquid supponat confuse distributive. requiritur quod ac-
423 1830 1689 1868 cipiatur pro omnibus suis inferioribus copulative de quibus natus sit ve-
432 1879 1685 1917 rificari. Chimera autem non est verificabilis. cum non supponat ut dictum
430 1926 1678 1967 est ante ergo etcetera. Assumendo itaque textum. Mar. dicamus. quod suppositio
432 1975 1686 2016 personalis est duplex. s. discreta. et communis. que est duplex. s. determinata
434 2023 1688 2067 et confusa. que est duplex. s. confusa tantum. et confusa distributiua. Confusa
425 2072 1687 2116 tamen est duplex. s. distinicta et copulata. Confusa distributiua etiam est duplex. s.
433 2124 1685 2169 perfecta. et imperfecta. et vtraque potest subdividi in absolutam et acomodam
