1749 2556
85 235 1336 350 ut sic capax distributionis. Dixi secundo. si non impediatur. quia si impediatur non
82 312 1328 401 supponet confuse distributive. ut nihil quod est non homo currit. omne quod est non homo
85 360 1329 454 currit Iy homo supponit confuse tamen. quia sub eo non licet descendere copulative. patet
83 413 103 488 practicanti
284 423 885 528 Contra arguitur primo sic.
76 502 1325 596 Subiectum indefinite non supponit alicuius determinate ergo etcetera. Aritoteles patet.
85 556 1328 636 de ista. homo est species. Que autem sit indefinita. quia in ea subiecitur terminus commu-
85 607 1328 688 nis sine signo. et potens determinari omni sinkathegreumate. sicut quodlibet
82 660 1319 732 indefinita sine signo. et verum est quod est simpliciter indefinita. ¶ Secundo sic. una negatio
80 712 1328 786 non potest impedire aliam. a distributione vel negatione ergo etcetera. nullum simile potest
80 756 1328 830 impedire suum simile. sed una negatio est alteri similis ergo. Maior quia
79 805 1329 877 tale additum tali magis facit tali. Minor cum sint eiusdem generis vel
80 854 1329 928 speciei. ¶ Tercio sic. Terminus infinitatus non supponit confuse distri-
79 897 1327 979 butive ergo etcetera. Aristotles patet quia sub eo non contingit descendere copulative.
82 949 1328 1028 quia non sequitur non homo currit ergo non iste homo currit etceteriis. Que autem
85 996 1319 1074 talis non sit bonus descensus. patet quia descendere est ad inferiora in suppo
76 1049 1327 1126 nendo arguere. sed taliter descendendo non est ad inferiora. verum ad superiora
82 1099 1322 1172 arguere patet quia Iy non iste homo est superius ad non homo. ut diximus.
79 1143 1322 1219 ¶ Ad primum dicitur. que regula Mar. tenet. de indefinita. de extremis materialiter
76 1185 1324 1270 vel personaliter supponentibus. non autem de indefinita. cuius extrema
78 1238 1332 1312 vel extremum supponit simpliciter. ¶ Ad secundum dicitur. ad maiorem que illa est
82 1287 1328 1367 vera in phisicis non autem in logicis. logicus enim ne videatur nugare po-
78 1343 1327 1415 nendo idem bis dixit. que. ibi una negatio impedit aliam. hoc etiam est ma-
76 1388 1322 1461 xime ex usu. utendi taliter negationibus. In talibus enim intellectus et
75 1434 1324 1513 voluntas sunt prime cause. ut dicit Ioannes Dorp. ¶ Ad tercium di-
citur. Que comparando in descensu. Iy non homo ad non iste homo. ar-
79 1532 1332 1607 guentur ab inferiori ad superius in supponendo. quia tamen non debet
79 1580 1325 1652 fieri descensus sub Iy non homo. sed sub Iy homo itaque iste homo est infe
78 1627 1332 1711 rius sub Iy homo quia semper argueretur ab inferiori ad superius in de-
80 1681 684 1749 scendendo sub tali termino infinito.
96 1742 1327 1831 ¶ Nona regula. Nomina recta a comparativis et superlativis gradi-
73 1834 1341 1917 bus sequentia eos supponunt confuse distributive. ut hic Socrates est
79 1928 1332 2014 fortior homine. Iy homine supponit confuse distributive. et causa est.
75 2017 1331 2093 quia huiusmodi gradus. habent exponi per negationem. ¶ Decima Re
68 2094 1334 2189 gula. Isti termini differt aliud non idem diversum. et caret. et consimiles
1145 2154 1332 2249 D 4
