1768 2556
117 252 1354 336 supponit eodem modo ut dictum est. et pro eodem ergo etcetera. ¶ Secundo sic Mar. videtur
109 322 1354 391 diminutus. patet quia nihil fecit de suppositione relativorum reciprocorum
112 369 1354 434 Est etiam superfluus quia notabile primum frequenter repetit. ¶ Tercio sic
110 421 1354 485 de istis relativis. s. meus tuus noster etcetera. nihil fecit. ergo est diminutus. antecedens patet
110 468 1354 531 ¶ Ad primum dicendum. que loco Iy suus licet ponere suum antecedens. verum est
113 525 1354 587 quando tenetur non reciproce. non autem quando tenetur non reciproce. excepto que
112 569 1354 629 capiatur possessive. Unde tunc capitur reciproce. quando denotat actum terminari in
112 617 1354 681 idem suppositum a quo denotatur transire. ut socrates est suus. unde licet. hic potest poni
115 668 1354 725 antecedens loco Iy suus. tamen non manebit idem sensus propositionis istius et illius.
109 714 1354 775 Ad maiorem autem rationis dicitur que est vera determinis absolutis et relativis no-
110 768 1354 825 reciprocis. non autem de reciprocis. quia tunc non manet idem sensus proposi-
112 813 1354 869 tionum. ¶ Ad secundum dicendum que supponem talium satis posuit. ponendo re-
113 869 1354 921 gulas de relativis non reciprocis. Ad aliud dicitur. que repetit idem non inutiliter
101 923 1364 968 quia fuit informator iuvenum. ¶ Ad tercium dicitur que eodem modo sicut dictum est de
107 959 901 1029 Iy suus. et tamen de relativis substantie idemtitatis
205 1038 242 1099 N
345 1039 1354 1103 Unc specialiter. est dicendum de relativis accidentium de
346 1124 1349 1185 quibus. Nota primo. que quando unum eorum ponitur in pro=
positione oportet preesse terminum antecedentem illius predicamenti. cuius
107 1295 1354 1360 modum significandi habet illud relativum. ut si talis debeat poni in propositione.
112 1378 1354 1454 oportet preesse terminus de predicamento qualitatis. quia predicamenti quali-
97 1479 1354 1552 tatis modum sigificandi habet ille terminus. talis. ideo oportet dicere socrates est ali-
106 1566 1347 1623 qualis et talis est plato. aut albus. et talis est plato. Unde si diceretur socrates est bicu
106 1651 1351 1723 bitus. et talis est plato. esset inepta et incongrua locutio. vel applicatio rela-
103 1739 1354 1823 tivi ad antecedens. Secundo nota. que huiusmodi relativa possunt esse de quo
110 1828 1354 1907 libet predicamento accidentium. et si non sint in usu. hoc est ex eo. quia nomina non
100 1922 1354 2000 sunt imposita. Unde de predicamento quantitatis sunt hec tamen tot. et quo-
112 2013 1354 2097 tiens de predicamento qualitatis. talis. de quodicamento. quando. tunc de pre-
99 2093 1354 2193 dicamento ubi. ibi. de predicamento habitus. taliter habituatus. In action-
