1824 2573
165 214 1436 361 talis terminus verficatur mediante copista talis propositionis ut in hac
164 354 1442 445 propositione homo currit. Iy homo supponit pro quolibet homine qui
162 430 1423 538 est. quia de quolibet istorum mediante copula. est. verificatutur. Quocumque
161 526 1426 620 enim homine demonstrato qui est. hec est vera. hoc est homo. similiter Iy
157 608 1426 717 currens supponit pro quolibet currente quod est. quia quolibet currente de
161 694 1430 787 monstrato verum est dicere hoc est currens. Ex isto infertur Corollarie. que si
152 794 1426 883 nihil currat. ille terminus currens positus in ista propositione. hoc est currens pro nullo
160 886 1418 979 supponit. quia de nullo verificatur mediante copula istius propositionis.
174 976 1420 1070 quia quocumque demonstrato hec est falsa. hoc est currens. cum suppositum sit
164 1064 1419 1160 nihil currere. similiter in ista Chimera est. subiectum pro nullo supponit
154 1156 1433 1260 nec in ista Adam est. subiectum pro nullo supponit vel antichristus fuit
171 1246 997 1332 et sic de consimilibus propter eandem causam.
187 1319 1413 1448 Notandum primo. quod iste est Tra-
168 1419 1422 1502 ctatus suppositionum Marsilii qui in duas dividitur principales partes.
178 1475 1429 1546 Proemialem. s. et Executivam. In prima facit auditores dociles. ordinem
174 1523 1426 1596 dicendorum proponendo. ut patet in textu. Secunda pars principalis dividitur
167 1570 1418 1643 in duos tractatus partiales. primus qui continet duo capitula. est de sup
172 1619 1422 1692 positione terminorum absolutorum. in primo eius capitulo agit Mar. de suppo
161 1671 1428 1738 sitione diffinitive. in secundo vero preceptive. ponendo varias variorum re-
175 1718 1429 1789 gulas magistrorum. In secundo partiali tractatu agit de suppositione ter
170 1768 1420 1838 minorum relativorum. partes in processu ostendentur. Primo itaque Mar.
164 1815 1423 1889 diffinit suppositionem logicalem proprie dictam. In qua diffinitione dicitur primo
171 1868 1423 1935 acceptio. et hoc ponitur loco generis. Unde in proposito acceptio nihil aliud
170 1912 1428 1986 est quam termini actualis vel potentialis. in propositione ab intellectu appre-
167 1961 1422 2029 hensio. Dicitur secundo. termini. unde hic accipitur terminus extenso nomine pro omni
181 2011 1425 2086 eo quod materialiter vel personaliter sumptum potest esse propositionis extremum.
177 2058 1429 2132 Unde sinkathegreumata et adiective tenta personaliter sumpta
167 2108 1440 2198 non sunt hoc modo termini. Dicitur tercio Mar. in propositione ad innuendum
1223 2168 1326 2264 A4
