1769 2552
72 253 1344 355 cipit semper per hanc que antichristus non sit. et que antichristus erit. que tamen
70 365 1337 442 est verum. Tercio hoc est contra communem modum loquendi. qui in talibus est
79 467 1344 544 maxime attendendus. unde relinquitur talem propositionem simpliciter esse
76 562 1337 649 veram: secundo sequitur que relativum non supponit semper sicut suum antecedens
76 647 1340 732 patet quia quoque supponit suo antecedente non supponente. Sed diceret ali
75 737 1333 826 quis. tu alias in suppositionibus tuis dixisti oppositum. secundo diceres. com-
76 835 1334 915 munis scola Parisiensis. dicit oppositum. Ad primum dico. que protunc dixi sicut
73 924 1339 1003 alii magistri mei de universitate Parisiensis. nec ad hoc modum loquendi ita
75 1015 1334 1090 perfecte adverti. sicut postea feci. nec reputo inconveniens. si tunc dicta. nunc
65 1101 1330 1181 in melius immutavi. ad secundum dico. que scola Parisiensis nihil aliud vult. nisi quod
72 1198 1334 1261 precise supponit relativum: pro illis pro quibus propositio in qua ponitur suum
70 1285 1334 1355 antecedens verificatur. Et si aliquid aliud scriberetur aut defenderetur sua
75 1383 1332 1460 respondentia saluv modo communi loquendi esset contrarium. propter quod in
69 1463 1334 1551 hoc sibi non consentirem. Tercio infero que Relativum in propositione mere de pre
73 1560 1332 1647 senti. quandoque supponit pro eo quod est sed fuit vel erit. Exemplum posito
83 1650 1344 1738 que Socrates fuisset. et modo non esset sed esset niger. hec esset vera. album fuit
75 1736 1343 1834 socrates et illud est nigrum. et sic Iy illud supponit pro albo quod non est. sed fuit. similiter
76 1828 1344 1933 hic antichristus erit et ille non est. Iy ille supponit pro antichristo qui non est
78 1912 1333 2010 sed erit patet hoc. quia pro istis sua antecendentia verificantur. Ex quo patet que
73 2003 1333 2101 regule magistrorum date de ampliationibus et restrictionibus non debent
69 2086 835 2204 intelligi de terminis relativis sed absolutis
1140 2138 1248 2250 F 1
