1762 2554
140 290 1368 338 Notandum secundo. que Mar. in hac littera
119 351 1379 397 duo ponit notabilia. Primum est. licet contingat relativum alia suppositione
121 403 1367 447 in genere vel in specie supponere quam suum antecedens. non tamen contin
129 454 1369 497 git ipsum pro aliis supponere quam pro illis pro quibus suum antecedens
133 503 1375 546 natum est verificari vel propositio sui antecedentis. ut dictum est in secunda
125 554 1372 595 questione procedentis littere in corollario tercio tercie regule. Secundum no-
129 605 1357 644 tabile est. Iy suus potest duo referre. s. possessorem. et hoc in obliquo huius
125 654 1366 693 pronominis ipse. aliud est quod refert sive quod significat est res possessa. quam
126 703 1374 741 significat in recto. Et confirmat suam sententiam per doctrinale Alexan-
129 751 1371 789 dri. qui in prima parte sui dicit capitulo de declinatione pronominum.
129 801 1365 837 Personas duplices hec designare videntur. Cum possessore possessio si-
120 848 1262 888 gnificatur etcetera. Et declarat hoc ipsum exemplariter ut patet in textu
152 930 1368 970 Pro quorum maiori noticia adverte.
126 993 1367 1029 que pronomina reciproca sunt duplicia. s. primitiva et derivatiua. Primi-
122 1039 1367 1078 tiva ut se sui ipsemet etcetera. et talia sunt prius diffinita. Alia sunt derivativa
127 1086 1367 1128 que. s. ab istis formantur et important duo. s. rem possessam et possessorem
121 1135 1363 1177 ut meus tuus suus etcetera. Et talia possunt referre dupiciter. s. reciproce. et homo
121 1182 1366 1224 quando ponuntur in eadem kathegorica cum suo antecedente. ut socrates vi-
127 1231 1357 1269 det suum asinum. Alio modo non reciproce. ut quando ponuntur in alia ka
126 1278 1371 1319 thegorica a suo antecedente ut Nicolaus legit et suus discipulus scribit. et
122 1329 1369 1370 tunc non est relativum reciprocum. immo loco eius licet ponere gratiam sui antecedentis
128 1381 1341 1422 ut dicit Mar. in textu et tales equivalebit propositiones. et pro suppositione horum.
135 1460 1365 1502 Notandum tercio. que de suppositione
131 1522 1370 1559 Relativorum idemtitatis substantie reciprocorum sunt due regule. prima
126 1568 1317 1609 de primitivis. secunda de derivativis reciprocis pronominibus sit ergo.
126 1617 1372 1658 ¶ Prima regula ista. Relativum idemtitatis substantie reciprocum. pri
119 1665 1369 1708 mitive speciei supponens. supponit pro omni illo pro quo suum antece-
128 1715 1371 1757 dens. et eodem modo sicut suum antecedens. nisi aliqua determinatio ad-
126 1763 1372 1806 dita sibi impediat vel genus. ut dicendo quilibet homo videt se Iy se sup-
127 1814 1363 1856 ponit pro omni illo pro quo Iy homo et eodem modo. Et dicitur nisi a-
126 1863 1372 1904 liqua determinatio sibi addita impediat quia si sic tunc non oportet re-
125 1912 1374 1953 lativum tale eodem modo supponere sicut suum antecedens nec pro omni
126 1957 1368 2002 illo pro quo suum antecedens ut quilibet homo videt se existentem socrates.
117 2002 1369 2052 Dicitur secundo. nisi impediat genus. id est si relativum tale non fuerit eiusdem generis
123 2050 1375 2101 sicut suum antecedens. extunc non oportet ipsum supponem pro omni illo quo suum ante-
121 2108 1377 2152 cedens. ut omnis homo est ipsemet Iy precise pro veris supponit.
