1816 2554
101 299 1359 336 Et eadem divisio. potest fieri de suppositione materiali. Hoc solo addito
100 348 1370 385 Quia in personali suppositione. accipiuntur termini pro suo significato
104 398 1358 434 vel suis significatis. secundum conceptum quem accipiuntur ultimate.
101 447 1349 485 id est pro suo significato ultimato. sive cum concupiuntur sub predicato
103 498 1353 534 talibus terminis pro significatis inadequatis ultimatis conveniente. in
100 546 1350 583 materiali autem accipiuntur termini pro suo significato suis significatis. non
106 593 1346 633 ultimato vel ultimatis. secundum conceptum secundum quem non accipiuntur ul-
95 645 1345 682 timare. unde licet in ista ens est monosillabum. Iy. ens capiatur pro suis in-
108 694 1348 732 ferioribus. s. pro hoc scripto ens vel vocali. similiter pro omnibus mo-
106 740 1360 784 nosillabis ut pro Iy et. ut etcetera. quia tamen accipitur non in ordine ad pre-
104 788 1346 831 dicatum. quod enti convenient pro suo significato ultimato. sed accipitur in
96 835 1339 880 ordine ad predicatum quod convenit sibi pro suo significatio non ultimato
106 887 1342 927 ergo supponit Iy ens materialiter. diffinitiones et declarationes non sunt
109 936 1009 974 in notabilibus posite. quia est Mar. hic clarissimus.
97 1020 1348 1058 Contra arguitur primo sic. Mar:
100 1075 1352 1118 est insufficiens cum non ponat suppositionem naturalem. et accidentalem
104 1129 1351 1167 quam Ioannes dorp. et sanctus Vincentius. et. philosophus ponunt ¶ Secundo sic.
97 1176 1347 1212 Sub termino supponente confuse tantum non licet descendere. ergo falsum
103 1224 1347 1261 est dictum Mar. Antecedens patet per Sco. i. q. pro primi. et. xxi. distin.
110 1267 1347 1310 primi ergo vel iste vel ille minus bene dicit. quod inconvenit assere tante do-
99 1316 1347 1363 ctrine viris. ¶ Tercio sic. In ista chimera est chimera. Iy chimera est ter-
108 1369 1345 1413 minus communis communiter tentus. et tamen non supponit communiter.
104 1416 1347 1462 quia non est verficabilis de pluribus cum non supponat. ergo diffinitio
99 1469 1342 1511 suppositionis communis insufficiens ¶ Ad primum dicendum. quod Mar.
99 1517 1349 1559 et aly non ponendo suppositionem naturalem et accidentalem disiunctam contra
99 1564 1345 1608 personalem merito quidem. quia pluralitas sine necessitate dimittenda. dicit
103 1610 1347 1658 enim Ioannes dorp. et sanctus Vincentius que suppositio naturalis dicitur
109 1661 1349 1707 quando terminus accipitur respectu predicati de primo vel secundo modo
103 1711 1354 1757 dicendi per se. Et dicit Dorp quod talibus sit absolutio copule a tempore. unum
99 1760 1351 1806 absoluere copulam a tempore sive a connotatione temporis. est ipsam
103 1809 1350 1855 predicatum unire subiecto pro omni differentia temporis. et non tamen pro una
101 1859 1351 1903 quam de suo modo significandi connotat. quando contingit in propositionibus necessa-
101 1908 1352 1951 riis. Suppositio vero accidentalis per oppositum notificetur. Et dicit Dorp.
103 1956 1340 2000 que in talibus non absoluitur copula a connotatione temporis. sicut dicendo homo est albus
107 2004 1356 2050 Ex hiis itaque dicitur quod facte copule a connotatione temporis absolutione. eque bene sa
101 2048 1347 2097 nabitur veritas enciationum necessariarum per suppositionem personalem
103 2102 1351 2144 et copula connotante tempus determinatum salvabitur veritas contingentium.
108 2149 1115 2197 quare frustra ponuntur distincte a suppositione personali.
