1840 2593
435 296 1682 341 tionem post oppositum dicitur que maior est vera de antecedente cuius pro-
439 345 1679 391 positio est idefinita particularis etcetera. non autem de antecedente cuius pro
438 394 1680 440 positio est singularis sicut in proposito. ¶ Tercia questio. V. Iy illud in ista
441 442 1682 488 animal est dictio prolata a socrate. et illud est trisillabum. supponat ma-
433 491 1678 538 terialiter sicut suum antecedens vel personaliter. Ad quam respondet dupliciter
439 541 1680 588 primo secundum opinionem propriam dicens que Iy illud supponit personaliter
437 588 1673 638 ut patet de sententia verborum. quia accipitur pro suo significato ultimato
437 636 1682 686 s. pro actu referendi suum antecedens. et non pro suo significato non ultimato
436 686 1682 733 quod est ipse met terminus vel sibi similis in voce vel in scripto. secundo respondet
440 737 1675 782 ad dictam q. secundum opinionem antiquorum ut Ioannis Buridani. que Iy illud
439 788 1682 830 in illa propositione supponit materialiter. relative. quia refert suum ante-
437 836 1680 882 cedens pro suo significato non ultimato. et non personaliter relative. quia
434 882 1679 933 refert suum antecedens pro suo significato non ultimato patet. utroque so
436 932 1680 984 lutiones tam secunde quam tercie questionis possunt sustineri et nulla de falsi-
444 983 691 1016 tate arguenda.
440 1098 1675 1150 Aduertendum est circa predicta. que licet suppositio relativi varietur propter
416 1189 1682 1241 appositionem signi distributivi. aut prepositionem negationis. hec tamen
433 1282 1681 1328 solum est pro illis pro quibus propositio in qua ponitur suum antecedens
443 1364 1682 1416 verificatur. et non pro aliis. ut dicebatur in tercia regula. Secundo adverten-
436 1454 1672 1506 dum est. de hoc relativo suus. que ipsum non refert suum antecedens in recto
435 1544 1678 1592 quia est possessivum. Sed in obliquo unde possessiva rem possessam in
436 1634 1682 1682 recto important. Et personam possidentem in obliquo. quod innuit doctri
434 1731 1682 1781 nale. cum possessorum etcetera. Et licitum valet dicere socrates equitat suum asinum:
432 1828 1675 1880 sicut dicere socrates equitat asinum ipsius socratis. unde generaliter loco Iy suus
436 1920 1681 1971 potest poni genitivus huius relatini ipse . refert enim possessorem semper
421 2021 1682 2067 in genitivo casu. Et hec de suppositionibus relativorum substantie idem
423 2130 776 2170 sunt breviter dicta.
