1856 2577
489 339 1752 386 vel chimera non supponit. patet quia ex falsitate disiuncti arguitur defectus sup-
489 388 1753 433 positionis disiuncti sed ad falsitatem disiunctive requiritur falsitas partium om
502 438 1756 482 nium principalium: ita non supponendum disiunctum requiritur. nulla
491 487 1758 531 eius pars principalis supponat. Secundo sequitur quod nulla parte existente sin
492 536 1758 580 gularisata totum potest singularisari patet. ¶ De copulatis terminis ponitur
501 584 1758 630 talis regula. Omne copulatum eo modo. et pro illo vel pro illis supponit
499 634 1754 680 pro quo vel pro quibus et eius partes. ut si partes communiter et totum
494 683 1751 729 si partes discrete et totum. ut homo est animal. supponunt communiter pro
498 733 1753 777 aliquo supposito hominis. cum de ipso natum est verificari. Corollarie
500 784 1760 826 sequitur. quod Iy homo et asinus non supponunt pro eodem. cum nihil sit
501 830 1750 874 unum de quo natum est verificari. supponit ergo pro pluribus. quia pro
499 877 1753 921 homine et asino. Sequitur secundo. quod copulatum differt a disiuncto. et condi-
499 927 1756 970 tionato. quia disiuctum supponit eius parte altera supponente. et conditio-
492 978 1749 1022 natum nulla eius parte supponente. non autem copulatum. quod ad suppositionem
496 1028 1646 1066 eius requiritur suppositio omnium partium saltem principalium
499 1110 1762 1150 Contra arguitur primo sic. videtur
498 1167 1754 1209 quod chimera supponit ergo littera. Mar. falsa. antecedens patet. quiaa quicquid significat et
499 1217 1755 1260 supponit. sed chimera significat ergo etcetera maior nota. quia numquam. datur superius sine suis
503 1267 1754 1310 inferioribus. alias platonisaremus. minor patet. ¶ Secundo sic. hoc conditionatum
499 1313 1751 1357 chimera est. chimera non supponit. probatur sic cuius partes non supponunt
502 1361 1754 1407 et ipsum totum non supponit. sed partes huius conditionati non supponunt ergo etc.
496 1411 1749 1455 maior nota. quia suppositio totius est a suppositione partium. minor nota.
496 1461 1744 1506 ¶ Tercio sic. terminus supponit aliquis pro aliquo non tamen verificatur de ipso
494 1509 1748 1553 ergo etcetera. Antecedens patet in ista. homo non est asinus. Iy homo supponit pro homine. non tamen
504 1558 1744 1601 verificatur de homine. quia hec est falsa homine demonstrato hoc non est homo.
489 1609 1751 1653 ¶ Ad primum dicitur per maioris interemptionem. terminus enim extra proposi-
495 1659 1749 1703 tionem significat non tamen supponit. Et similiter tota propositio etiam personaliter sumpta a
502 1708 1754 1748 que tamen ut sic non supponit. secundum patet primum probatur. quia significare est potentie cognitive
489 1755 1748 1796 aliquid vel aliqua vel aliqualiter eam vitaliter immutando. instrumentaliter
492 1804 1756 1847 representate. et hoc convenit terminis kathegreumaticis et sinkathegreum
496 1853 1748 1895 maticis. et etiam ipsis enunciationibus. nata etenim sunt vitaliter. id est perce
492 1901 1749 1944 ptive. et non occasionaliter potentiam immutare. sicut ille qui codicem vel aliquas
496 1950 1749 1992 scriptas propones alicui offert. tantum modo occasionaliter ipsum immutat. et non
496 1997 1750 2043 vitaliter ad probationem maioris. verum est. quod superius nunquam est sine
497 2044 1748 2089 suis inferioribus. sed suppositio non est inferius ad significationem. Sed
491 2094 1744 2141 est passio termini conveniens termino mediante significatione vel posset
499 2147 1740 2190 dici quod suppositio est inferius presuppositiuum ad significationem. non autem
494 2194 1740 2242 essentialiter inclusivum. quoniam nulla passio eiusdem subiecti includit essentialiter aliam
