1816 2554
99 245 1358 334 Et eadem divisio. potest fieri de suppositione materiali. Hoc solo addito
99 329 1368 390 Quia in personali suppositione. accipiuntur termini pro suo significato
103 378 1357 439 vel suis significatis. secundum conceptum quem accipiuntur ultimate.
99 424 1348 489 id est pro suo significato ultimato. sive cum concupiuntur sub predicato
talibus terminis pro significatis inadequatis ultimatis conveniente. in
99 524 1348 586 materiali autem accipiuntur termini pro suo significato suis significatis. non
103 580 1344 632 ultimato vel ultimatis. secundum conceptum secundum quem non accipiuntur ul-
92 621 1344 685 timare. unde licet in ista ens est monosillabum. Iy. ens capiatur pro suis in-
107 673 1347 736 ferioribus. s. pro hoc scripto ens vel vocali. similiter pro omnibus mo-
103 719 1358 778 nosillabis ut pro Iy et. ut etcetera. quia tamen accipitur non in ordine ad pre-
102 766 1344 831 dicatum. quod enti convenient pro suo significato ultimato. sed accipitur in
93 813 1338 878 ordine ad predicatum quod convenit sibi pro suo significatio non ultimato
103 869 1341 927 ergo supponit Iy ens materialiter. diffinitiones et declarationes non sunt
107 915 1008 979 in notabilibus posite. quia est Mar. hic clarissimus.
96 966 1347 1065 Contra arguitur primo sic. Mar:
97 1052 1351 1125 est insufficiens cum non ponat suppositionem naturalem. et accidentalem
102 1105 1350 1164 quam Ioannes dorp. et sanctus Vincentius. et. philosophus ponunt ¶ Secundo sic.
96 1153 1346 1214 Sub termino supponente confuse tantum non licet descendere. ergo falsum
est dictum Mar. Antecedens patet per Sco. i. q. pro primi. et. xxi. distin.
109 1247 1346 1319 primi ergo vel iste vel ille minus bene dicit. quod inconvenit assere tante do-
96 1298 1346 1370 ctrine viris. ¶ Tercio sic. In ista chimera est chimera. Iy chimera est ter-
106 1355 1344 1411 minus communis communiter tentus. et tamen non supponit communiter.
103 1400 1346 1462 quia non est verficabilis de pluribus cum non supponat. ergo diffinitio
97 1451 1341 1512 suppositionis communis insufficiens ¶ Ad primum dicendum. quod Mar.
97 1498 1348 1562 et aly non ponendo suppositionem naturalem et accidentalem disiunctam contra
96 1546 1344 1611 personalem merito quidem. quia pluralitas sine necessitate dimittenda. dicit
102 1593 1346 1658 enim Ioannes dorp. et sanctus Vincentius que suppositio naturalis dicitur
106 1645 1348 1709 quando terminus accipitur respectu predicati de primo vel secundo modo
102 1691 1353 1758 dicendi per se. Et dicit Dorp quod talibus sit absolutio copule a tempore. unum
97 1745 1350 1806 absoluere copulam a tempore sive a connotatione temporis. est ipsam
102 1794 1348 1855 predicatum unire subiecto pro omni differentia temporis. et non tamen pro una
100 1841 1350 1904 quam de suo modo significandi connotat. quando contingit in propositionibus necessa-
100 1895 1351 1953 riis. Suppositio vero accidentalis per oppositum notificetur. Et dicit Dorp.
100 1939 1338 2002 que in talibus non absoluitur copula a connotatione temporis. sicut dicendo homo est albus
105 1985 1355 2054 Ex hiis itaque dicitur quod facte copule a connotatione temporis absolutione. eque bene sa
99 2031 1346 2102 nabitur veritas enciationum necessariarum per suppositionem personalem
100 2082 1350 2153 et copula connotante tempus determinatum salvabitur veritas contingentium.
106 2129 1114 2219 quare frustra ponuntur distincte a suppositione personali.
