1856 2577
488 284 1751 386 vel chimera non supponit. patet quia ex falsitate disiuncti arguitur defectus sup-
486 366 1752 430 positionis disiuncti sed ad falsitatem disiunctive requiritur falsitas partium om
499 416 1755 479 nium principalium: ita non supponendum disiunctum requiritur. nulla
488 465 1757 529 eius pars principalis supponat. Secundo sequitur quod nulla parte existente sin
491 513 1757 578 gularisata totum potest singularisari patet. ¶ De copulatis terminis ponitur
499 562 1757 628 talis regula. Omne copulatum eo modo. et pro illo vel pro illis supponit
496 611 1752 680 pro quo vel pro quibus et eius partes. ut si partes communiter et totum
492 661 1750 727 si partes discrete et totum. ut homo est animal. supponunt communiter pro
495 710 1752 775 aliquo supposito hominis. cum de ipso natum est verificari. Corollarie
499 760 1758 827 sequitur. quod Iy homo et asinus non supponunt pro eodem. cum nihil sit
498 813 1748 870 unum de quo natum est verificari. supponit ergo pro pluribus. quia pro
498 857 1752 923 homine et asino. Sequitur secundo. quod copulatum differt a disiuncto. et condi-
498 907 1755 964 tionato. quia disiuctum supponit eius parte altera supponente. et conditio-
489 953 1748 1019 natum nulla eius parte supponente. non autem copulatum. quod ad suppositionem
495 1005 1645 1066 eius requiritur suppositio omnium partium saltem principalium
498 1055 1761 1153 Contra arguitur primo sic. videtur
496 1142 1752 1211 quod chimera supponit ergo littera. Mar. falsa. antecedens patet. quiaa quicquid significat et
496 1196 1754 1261 supponit. sed chimera significat ergo etcetera maior nota. quia numquam. datur superius sine suis
502 1244 1752 1312 inferioribus. alias platonisaremus. minor patet. ¶ Secundo sic. hoc conditionatum
498 1295 1750 1354 chimera est. chimera non supponit. probatur sic cuius partes non supponunt
499 1337 1752 1405 et ipsum totum non supponit. sed partes huius conditionati non supponunt ergo etc.
495 1385 1748 1453 maior nota. quia suppositio totius est a suppositione partium. minor nota.
494 1435 1742 1503 ¶ Tercio sic. terminus supponit aliquis pro aliquo non tamen verificatur de ipso
491 1484 1747 1553 ergo etcetera. Antecedens patet in ista. homo non est asinus. Iy homo supponit pro homine. non tamen
502 1534 1742 1602 verificatur de homine. quia hec est falsa homine demonstrato hoc non est homo.
486 1583 1750 1655 ¶ Ad primum dicitur per maioris interemptionem. terminus enim extra proposi-
492 1633 1748 1702 tionem significat non tamen supponit. Et similiter tota propositio etiam personaliter sumpta a
501 1683 1752 1749 que tamen ut sic non supponit. secundum patet primum probatur. quia significare est potentie cognitive
486 1732 1747 1798 aliquid vel aliqua vel aliqualiter eam vitaliter immutando. instrumentaliter
491 1782 1755 1846 representate. et hoc convenit terminis kathegreumaticis et sinkathegreum
494 1829 1747 1895 maticis. et etiam ipsis enunciationibus. nata etenim sunt vitaliter. id est perce
489 1876 1748 1945 ptive. et non occasionaliter potentiam immutare. sicut ille qui codicem vel aliquas
495 1927 1748 1987 scriptas propones alicui offert. tantum modo occasionaliter ipsum immutat. et non
495 1977 1748 2041 vitaliter ad probationem maioris. verum est. quod superius nunquam est sine
496 2024 1747 2090 suis inferioribus. sed suppositio non est inferius ad significationem. Sed
488 2073 1742 2138 est passio termini conveniens termino mediante significatione vel posset
496 2121 1740 2189 dici quod suppositio est inferius presuppositiuum ad significationem. non autem
491 2170 1740 2267 essentialiter inclusivum. quoniam nulla passio eiusdem subiecti includit essentialiter aliam
