6854 9804
982 729 5809 889 Paruuli philosophie natu. Fo. XXII
768 1281 5778 1441 Item aliquid mouetur per se / vt subiectum motus: aliud vero
674 1725 5778 1885 per accidens: et hoc dupliciter. Uno modo sicut forma in subie
688 2173 5608 2331 cto: vt albedo mouetur motu subiecti: motis enim nobis mo
692 2623 5752 2787 uentur omnia quę in nobis sunt. Alio modo sicut partes in
680 3083 4184 3233 suo toto: vt clauus mouetur ad motum nauis.
5838 1220 6370 1334 Aliquid
5878 1366 6358 1480 mouetur
5850 1519 6354 1641 dupliciter
563 3255 1894 3558 Ponitur
1870 3303 5790 3442 quartum notabile acceptum ex. iiij. phy. trac. de loco: vtile ad decla
1926 3455 5764 3584 rationem illius corrolarij supra in textu notabilis secundi positi:
664 3604 5776 3767 scilicet que motus non est nisi corporum. ¶ Notabile autem est hoc: Aliquid mouetur duplici
688 3754 5809 3917 ter / per se scilicet et per accidens. Illud mouetur per se quod mouetur: et non ad motum alte
676 3905 5809 4063 rius: et tale debet esse aliquid per se existens / diuisum ab omni alio quod non est pars eius: vt
656 4055 5614 4215 homo vel lapis: et de hoc mobili intelligebatur illud corrolarium que motus non est scilicet per
676 4205 5698 4365 se nisi corporum / secundum expositionem ibi dictam. Alio modo aliquod mouetur per accidens: quod
688 4359 5736 4513 scilicet mouetur ad motum alterius: et hoc fit dupliciter. Primo sicut forma siue sit sub
706 4509 5756 4656 stantialis siue accidentalis / mouetur ad motum sui subiecti. Dicitur enim. vj. Topico.
668 4657 5756 4804 Motis nobis mouentur omnia que in nobis sunt. Secundo aliquid mouetur per acci
684 4807 5704 4960 dens / sicut pars integralis ad motum totius: vt clauus seu gubernaculum mouetur ad
684 4959 5730 5108 motum nauis. Et differunt hi duo modi mouendi per accidens secundum Aristote. ibidem: quia
676 5107 5630 5263 forma que mouetur ad motum sui subiecti / sic mouetur per accidens que non potest moueri
664 5257 5600 5415 se: quia non potest separari ab illo subiecto. Et hoc intelligendum est naturaliter: nam
662 5411 5746 5573 per potentiam diuinam accidentia possunt separari a suis subiectis: vt patet in sacramento
846 5561 5762 5709 altaris: et ibi etiam conuenit eis motus per se. Similiter anima rationalis cum est in corpore
656 5715 5730 5863 mouetur per accidens ad motum corporis: separata vero mouetur per se. Sed pars inte
704 5869 5766 6011 gralis que mouetur per accidens ad motum totius / potest naturaliter per se moue
680 6018 5734 6154 ri: quia potest separari a toto / et esse per se. Ex quibus omnibus infertur hoc corrola
658 6166 5740 6306 rium: Quicquid potest per se esse / potest etiam per se moueri: licet Aristote. non con-
658 6315 4464 6454 cessisset / nisi de corpore: vt patuit circa textum notabilis secundi.
5809 3754 6350 3869 Moueri
5809 3908 6258 4027 per se.
5828 4153 6352 4281 Moueri
5844 4313 6412 4445 per accidens
672 6745 5809 6889 Item tantum ad tria predicamenta est per se motus: scilicet quantitatem qua
672 7197 5809 7343 litatem et vbi: quia tantum ad trium predicamentorum significata acquiren
612 7641 5492 7777 da sub rationibus proprijs eorundem mobilia mouentur.
5809 6743 6326 6857 Motus re-
5830 6889 6402 7001 peritur in tri
5809 7034 6396 7150 bus predi-
5809 7195 6366 7310 camentis.
533 7866 1637 8078 Quintum
1670 7871 5714 7996 notabile de distinctione motuum secundum genus / acceptum ex. v. physi.
744 8003 5702 8144 Pro quo supponitur primo: que ad omnem mutationem naturalem duo
674 8175 5700 8294 requiruntur. Primo duo termini / inter quos est transmutatio: quia omnis mutatio est de quodam
644 8323 5692 8449 in quoddam. Et hoc etiam patet ex nomine mutationis. Et secundo: que aliquid subiectum idem maneat sub
696 8473 5712 8597 vtroque terminorum: quia ex nihilio nihil fit naturaliter. Et ideo creatio et annihilatio non
666 8631 5700 8753 sunt mutationes naturales: cum in ipsis non maneat aliquid idem subiectum sub vtroque ter-
4887 8788 5431 8864 D 2
