6891 9583
2818 460 6314 603 Prologus. Folio. II
915 1008 2447 2255 A
2730 910 5858 1057 Ristoteles philosopho-
2656 1108 5944 1239 rum princeps: ostendens in fine secundi Elenchorum
2680 1263 5948 1386 modum quo scientie sunt inuente / dicit primum inuenta
2684 1413 5944 1540 fuisse quidam parua que a posteribus particulariter
2666 1563 5922 1690 elaborata continue augenter donec scientia compleatur.
2668 1713 5954 1840 Illud autem quid in principio inuentum fuerat / licet sit par
2666 1865 5976 1988 uum magnitudine: maximum tamen virtute est et vtilitate:
2692 2014 5962 2140 principium enim est omnium que postea adduntur: quo fit vt
2690 2166 5970 2288 difficillimum sit cognitu: quanto enim minus est magni
2658 2315 5914 2440 tudine et maius virtute / tanto videri difficilius: sed il-
882 2459 5986 2586 lo inuento facile est addere et augere reliquum. Quibus verbis Aristotelis clare pa-
854 2610 5960 2737 tet / quam vtilis sit cognitio huius libri qui Paruulus philosophie vulgo dicitur. in quo
930 2762 5994 2887 principia philosophie naturalis traduntur: collecta ex tribus libris Aristotelis / eis
868 2913 5982 3038 dem que in philosophia vtilioribus: qui sunt Physicorum / de generatione et corruptio
870 3060 5978 3188 ne / ac de anima: in quibus libris principia philosophie inter alia multa que ibi obscure
856 3210 5962 3346 ac diffuse tractantur latitantia / vix a magnis ingenijs multa doctrina adiutis vide-
858 3366 5988 3487 ri dinosci que possunt: hic vero compendiose in ordinem redacta sunt. Quamobrem ado-
844 3517 5980 3638 lescentes philosophie studiosi si operam dent vt vtilissima prinicipia philosophie ex
862 3665 5986 3790 hoc paruulo opusculo primum addiscant: ac veluti firma structure scientiarum fundamen
874 3818 5972 3941 ta in animo suo iaciant. Quod vt facilius efficere valeant / nos adiutore deo acces-
870 3969 5982 4092 sum ad illa facilem que aspera videntur / planando aperiemus. Cauebimus etiam ne prin-
854 4120 5988 4242 cipia philosophie rursus tegantur ea multitudine ac obscuritate dictorum a qua se esse
858 4270 5974 4390 segregata hic gaundent: conuenit enim vt in paruulo philosophie / paruula paruulisque
898 4417 5962 4540 accommoda dicantur. Nemo itaque hic a me expectet multiplices questionum dissolutio
878 4570 5962 4692 nes secundum varias in philosophia opiniones: sed cum principia philosophie naturalis
862 4722 5958 4840 hic collecta ex sententia doctoris Scoti declarauero / aliorum opiniones valere sinam.
878 4869 5958 4990 Uolui autem vt adolescentes doctrine Scoti sequaces etiam in hac introductione in phi-
874 5008 5996 5145 losophiam tanti doctoris sententias (vt ita dicam) viuas addiscant: ne aliorum opinionibus
856 5166 5932 5295 circa cognitionem prinicipiorum imbuti / sanam doctrinam prius contemnant quam cognoscant.
862 5326 5968 5445 Ut autem quod volumus fauente domino consequamur: paucis dicemus quid sit philoso
890 5476 5030 5600 phia / que eius partes / et alia que principio huic conducere putabimus.
6068 1224 6642 1343 Quando in-
6036 1374 6680 1487 uente sunt
6042 1528 6654 1643 scientie.
914 5626 5922 5748 ¶ Est itaque sciendum primo: philosphia generaliter accepta est apprehensio veri-
902 5782 5966 5894 tatis cuiuscumque entis. Et est triplex philosophia secundum triplicia entia. Prima est rea
908 5929 5992 6046 lis / que consyderat entia realia. Secunda moralis / que tractat moralia: hoc est / vitia
870 6076 6009 6196 et virtutes. Tertia sermotionalis seu rationalis / que consyderat entia rationis. Queli
904 6228 5940 6342 bet harum tripartiter. Nam sermotionalis diuiditur in tres scientias triuiales: scilicet Gram-
904 6375 5980 6492 maticam / Logicam et Rhetoricam. Moralis in Ethicam / Politicam et Economicam. Rea
886 6523 5962 6642 lis in tres scientias speculatiuas: Metaphysicam / Mathematicam et Physicam. Has
892 6673 5984 6792 vltimas tres sic distinguit Aristo. vj. Metaphysice: quia Metaphysica est de separa
898 6821 5970 6940 bilibus et immobilibus: et intelligit Aristo. secundum esse: vt est deus et intelligentie. Mathe
866 6970 5970 7091 matica est de inseparabilibus et immobilibus: vt est magnitudo et numerus. Physica
898 7120 5966 7241 est de inseparabilibus et mobilibus: vt sunt naturalia. Hic autem scias secundum Scotum. I. q.
886 7277 5978 7392 metaphysicali: que metaphysica cum sit scientia communissima / consyderat omnia que et alie
892 7425 5964 7544 scientie speciales: licet sub ratione communiori et magis abstracta. Aliqua tamen con
872 7576 5964 7697 syderat que in alijs scientijs non consyderantur: quibus conuenit tanta abstractio in essen
904 7726 5944 7845 do / quanta non conuenit consyderatis in alijs scientijs. Et ideo quando Metaphysica distin-
962 7878 5976 7995 guitur ab alijs scientijs: conuenienter hoc fit per illa consyderabilia in quibus non conue-
886 8030 5976 8149 nit cum alijs. Item predicte tres scientie communiter solent sic distingui. Nam Metaphysica
916 8180 5956 8297 consyderat entia que nec habent esse in materia / nec diffiniuntur per materiam. Phy
928 8336 6009 8457 sica vero consyderat ea que habent esse in materia / et diffiniuntur per materiam. Mathe
6144 5617 6584 5740 Philoso
6066 5771 6534 5894 phie de-
6046 5923 6644 6044 scriptio et
6009 6086 6532 6196 diuisio.
5168 8523 5631 8631 A 2
