6916 9583
1736 504 4610 645 Tractatus Primus
590 2576 1168 2689 In motu
644 2727 1064 2847 duplex
578 2887 1168 2998 mutatio.
564 4592 1126 4732 Tres con-
596 4749 1116 4871 ditiones
586 4891 1132 5017 requirun
592 5048 982 5177 tur ad hoc
582 5204 1068 5325 que aliquid per
582 5356 1050 5471 se acquiri
590 5499 1166 5622 tur per mo-
590 5661 888 5776 tum.
574 6803 1142 6941 Ad quam
628 6957 1168 7078 relationem
624 7107 1168 7223 non est per
570 7258 1168 7385 se motus.
1168 746 6214 886 mino transmutationis. ¶ Secundo supponitur: que licet quattuor modis possumus ima-
1192 900 6238 1033 ginari mutationem esse ex vno in aliud: vt dicit Aristo. v. physi. primo ex subiecto in
1168 1046 5686 1184 subiectum: secundo ex subiecto in non subiectum: tertio ex non subiecto in subiectum: quar
1174 1199 6330 1336 to ex non subiecto in non subiectum: tamen solum tribus primis modis contingit mutati
1178 1349 6290 1486 onem fieri / et non quarto modo: quia omnis mutatio est ex opposito in oppositum: sed
1202 1504 6106 1639 non subiectum et non subiectum sunt duo negatiua que non opponuntur aliquo modo. Intelli
1232 1650 6224 1793 git autem ibi Aristo. per subiectum omne positiuum: per non subiectum vero negatiuum vel priua
1204 1802 6302 1943 tiuum. Ex illis autem tribus modis mutationum illa mutatio que est ex non subiecto in subie
1240 1952 5874 2093 ctum / seu ex non ente in ens / dicitur generatio: illa autem que fit ex subiecto in non subiectum
1202 2102 6288 2245 dicitur corruptio: sola vero illa mutatio que est a subiecto in subiectum: hoc est ex ter-
1228 2254 6282 2395 mino positiuo in terminum positiuum et contriarium / vocatur motus. ¶ Ex quo sequitur
1236 2408 6272 2543 primo: que solum tres sunt species mutationis naturalis: scilicet generatio / corruptio et mo-
1168 2560 5960 2689 tus. Sequitur secundo: que in motu sic accepto due sunt mutationes. Prima est deper
1228 2706 6298 2849 ditiua: per quam abijcitur terminus a quo: inquantum est incompossibilis termino ad
1168 2865 6054 2996 quem. Alia est acquisitiua: per quam acquiritur terminus ad quem: vt patet de calefa
1234 3017 6148 3146 ctione: per quam abijcitur frigiditas / et acquiritur caliditas. Sequitur tertio: que si gene-
1220 3156 6280 3298 ratio alicuius forme esset successiua (sicut multi tenent de formis naturalibus imper-
1226 3315 6254 3444 fectis / quales sunt forme elementorum) licet talis generatio esset mutatio successiua: tamen
1182 3468 6220 3597 non esset motus proprie dictus: quia non esset a subiecto in subiectum. Unde non ideo Aristo.
1212 3620 5902 3749 negauit generationem et corruptionem esse motus: quia non essent mutationes successi-
1208 3768 6240 3903 ue: sed quia non sunt de subiecto in subiectum: nec ibi est mutatio: nec ibi est mutatio acquisitiua et deperditi
1204 3914 6300 4057 ua: sed in generatione solum est acquisitiua / et in corruptione deperditiua. Sequitur
1212 4072 6306 4207 quarto que Aristo. in postpredicamentis dicens generationem et corruptionem esse species
1240 4226 6194 4355 motus / accipit motum generaliter pro mutatione naturali: que hic diuisa est in generati-
1210 4373 6348 4502 onem / corruptionem et motum proprie dictum. ¶ Tertio supponitur: que ad illud est per se
1234 4526 6238 4655 motus quod per se acquiritur per ipsum motum. Ad hoc autem quod aliquid per se acqui-
1234 4674 6342 4807 ritur per motum / tres requiruntur conditiones. Prima que intrinsece terminet motum:
1248 4824 6302 4960 sic que talis motus materialiter acceptus sit idem essentialiter cum illo termino. Et ideo
1248 4982 6234 5106 motus localis non terminatur intrinsece ad locum: quia motus localis non potest esse idem
1238 5130 6344 5261 essentialiter cum loco: quia hec distinicta sunt subiectis. Locus enim est subiectiue in lo-
1258 5285 6232 5408 cante / et motus in locato: solum ergo terminatur extrinsece motus localis ad locum: ad vbi
1294 5431 5790 5556 autem intrinsece. Secunda conditio: que non tamen sequatur per accidens ad formam inductam: sicut
1254 5584 6242 5705 relatio per accidens producitur ad productionem fundamenti vel termini. Tertia: que eius
1276 5737 6170 5856 inductio non necessario presupponat inductionem alterius forme: et ideo dato que aliqua
1252 5886 5812 6009 relatio immediate inducatur per aliquam mutationem: vt similitudo per assimilationem:
1256 6034 5976 6158 tamen quia nulla relatio potest terminare aliquem motum / nisi prius aliquid aliud termi-
1250 6189 6034 6304 net illum vel alium motum: et ita inductio relationis necessario sequitur inductionem al-
1260 6340 6318 6457 terius forme: ideo nullam relationem est per se motus: vt dicit Aristote. v. ⁊ vij.
1258 6488 6108 6611 physicorum. Et hoc verum est de relatione intrinsecus adueniente: et non de illa que dicit re
1290 6638 6292 6763 spectum extrinsecus aduenientem: nam vbi dicit formaliter respectum talem: et tamen ad vbi est
1282 6790 5760 6913 per se motus. Rationem autem differentie relationis intrinsecus aduenientis ab alijs re-
1280 6940 5942 7067 spectibus in non terminando per se motum / ponit hanc Sco. in. ix. q.q. quia exque respe
1252 7090 5976 7213 ctus intrinsecus adueniens necessario consequitur extrema posita in actu: nunquam ipsa
1296 7242 6200 7365 potest acquiri per se / sed tantummodo per accidens: alio scilicet absoluto acquisito in al
1282 7394 5816 7513 tero extremorum: respectus autem extrinsecus adueniens quia non necessario consequitur
1296 7544 6004 7669 extrema / potest habere propriam nouitatem absque nouitate vnius vel alterius extremi:
1286 7694 6372 7819 et ideo potest habere propriam acquisitionem. Ultimas duas conditiones tangit Sco.
1302 7846 6272 7963 xiij. q.q. ¶ Ex his itaque concluditur: que cum ad substantiam non sit nisi generatio que non est
1252 7988 6192 8115 motus: et relatio non potest per se terminare motum: nec aliquod vltimorum sex predica
1262 8140 6244 8269 mentorum preter vbi: Sequitur ex sufficienti inductione: que motus proprie dictus solum
1254 8304 6372 8433 est ad tria predicamenta: sicut dicitur in textu: scilicet ad quantitatem / vt est augmentatio et
