6933 9583
1392 498 5778 617 Paruuli philoso. natu. Fo. XXXIIII
718 1054 5618 1183 et quiescens. Per prius adhuc duobus modis: vel quia men-
722 1502 5710 1625 suratur tempore / sicut motus celi: vel parte temporis / vt motus
690 1944 5768 2083 particularis. Per comparationem aliquid dicitur esse in tempore
690 2386 5682 2521 vt deus et intelligentię prout comparantur ad res temporales.
550 2575 1956 2889 Comparat
2126 2602 5758 2727 tempus ad ea que sunt in tempore et que mensurantur tempore:
1197 2738 5778 2875 Enumerans varios modos / quibus aliqua sunt in tempo /
656 2902 5734 3029 re: qui modi patent in textu. Sed ad maiorem eorundem cognitionem declarabo tres
676 3054 5748 3185 modos essendi in tempore: positos ab Aristo. iiij. phy. sub quibus omnes isti positi ab
744 3204 5718 3333 autore continentur. ¶ Tripliciter itaque aliqua possunt esse in tempore. Primo coexistenter
644 3356 5644 3481 et sunt quando tempus est / vt omnia eterna: et iste hic in fine textus vocatur per comparationem.
690 3504 5700 3635 Secundo / et est aliquid temporis: puta passio / aut pars / aut terminus. Et in hoc clauduntur
676 3652 5662 3783 tres primi modi positi in textu. Sed in secundo modo autor exemplificat secundum opinionem
658 3802 5708 3932 eorum que dicunt nunc esse substantiam temporis: quod ostensum est. suum. esse falsum: et ideo potius
642 3952 5714 4084 ibi exemplificandum est cum Aristo. de partibus temporis: vt sunt prius et posterius. Tertio
896 4104 5686 4237 modo aliquid est in tempore sicut in numero seu in mensura: et sciicet mensurat tempore. Et iste mo-
704 4255 5678 4377 dus est proprius: nam proprie esse in tempore est mensurari tempore. Hoc modo motus / quies / et omnia
640 4411 5732 4521 mobilia et quiescibilia sunt in tempore: licet differenter. Nam motus est in tempore per prius seu
646 4554 5738 4676 positiue: et similiter mobilia vt sunt in motu (quod ideo additur: nam id quod est mobile
632 4708 5698 4825 secundum suum esse absolutu/ mensuratur euo: vt. suum. dictum est) quies autem et quiescibilia vt quiesci-
626 4854 5738 4977 bilia mensurantur tempore per posterius seu priuatiue. Plura de hoc dixi. sua. circa primam
702 5011 5710 5128 diffinitionem temporis. ¶ Addit etiam autor / que motus celi aliter tempore mensuratur quam
622 5153 5722 5278 motus horum inferiorum: et motus celi toto tempore mensuratur. Nam tempus est coeternum mo
646 5315 5754 5431 tui celi: ita que motus celi et tempus simul inceperunt / et simul desinent secundum veritatem fidei
620 5459 5750 5581 catholice: vel vtrumque est sempiternum: vt nititur probare Aristo. viij. phy. sed non probat
650 5617 5750 5729 secundum rei veritatem. Nam in omnibus suis rationibus supponit aliquam propositionem falsam
646 5765 5716 5879 vt patet intuenti eius rationes / et solutiones earum quas ibi expositores plerique so-
648 5909 5748 6025 lent afferre. Motus autem particulares seu horum inferiorum mensurantur non toto tempore / sed
660 6056 5716 6177 parte temporis: vt hora / die etc. Alia differentia mensurationis a tempore motus celi et aliorum
670 6204 5756 6325 posita est. s. circa secundam diffinitionem temporis. ¶ Ultimo consyderandum est: que secundum Arist.
658 6353 5742 6470 due conditiones requiruntur ad hoc vt aliquid sit proprie in tempore. Prima / que contineatur a tempore sicut
650 6507 5730 6621 mensuratum a mensura: et ideo eterna proprie non sunt in tempore. Secunda / que patiatur aliquid
638 6651 5722 6769 sub tempore: consueuimus enim dicere que in tempore omnia senescunt et tabescunt: vt dicetur cir
690 6800 5730 6923 ca vltimum textum huius tractatus. Et ideo entia que non possunt aliter se habere / seu
678 6956 5512 7077 necessaria: similiter eas que non possunt esse / vt impossibilia: non sunt in tempore.
670 7390 5778 7513 Differentię temporum sunt tres: presens / preteritum et futurum. Pręteritum tempus
636 7838 5402 7963 est quod nunc est / sed prius fuit. Pręsens est quod est finis preteriti et initium
646 8290 5692 8417 futuri continuati ad instans. Futurum tempus est quod non est / sed erit.
4742 8473 5484 8662 F 2
5842 3112 6364 3229 Esse in tem-
5818 3262 6364 3385 pore exi-
5868 3416 6290 3537 stentis.
5832 4166 6408 4287 Esse in tem
5830 4321 6374 4452 pore proprie
5778 7232 6428 7353 Differen-
5778 7398 6364 7511 tie temporum
