6895 9495
1844 424 5156 575 Tractatus Primus
1078 672 5858 815 te enim voluntatis est non solum velle aut nolle aliquod bonum / sed etiam volen-
1070 836 6150 967 di. s. velle illud propter se et non referendo ad aliud bonum / vel referendo. Unde ve
1110 983 5922 1118 rij philosophi varios fines sic vltimos proponebant. Alij enim voluptatem / alij po
1094 1139 5958 1266 tentiam / alij honorem / alij diuitias: et alij item alios / vt patet apud Boetium in . iij. libro
1128 1290 6098 1417 Consolationis philosophie. De hoc etiam fine dicit Aristoteles. ij. phisicorum: que nos summi
1078 1440 6162 1569 quodammodo finis omnium. Et tales fines possunt esse plures: quia non sunt vltima-
1082 1590 6176 1719 ti simpliciter: sed quasi fines sub fine. ¶ Alius est finis secundarius / qui ab Aristo
1084 1741 6130 1876 tele vocatur finis quo / et a Commentatore finis operationis. s. agentis: et est forma rei
1076 1891 6050 2024 ad quam terminatur immediate actio agentis / vel ipsa res cuius est illa forma. De hoc
1084 2040 5654 2173 fine dicit Aristoteles. ij. physicorum: que finis coincidit in idem numero cum forma. Et
1074 2188 6062 2323 dicitur secundarius: quia non appetitur propter se / sed propter aliud ad quod ordinatur: vt do
1066 2348 6018 2479 mus que est finis domificationis / ordinatur ad hominem propter quem fit domus
1086 2512 3916 2629 sicut et omnia alia artificalia / vt illis vtatur.
442 2904 1004 3031 Proprie-
380 3064 912 3185 tates cau
376 3226 832 3347 sarum.
1110 2942 5782 3061 Nota que quędam causę sunt sibijnuicem causę / sed non eodem
1056 3386 5974 3511 modo: vt labor est causa efficiens sanitatis: sed sanitas est cau
1038 3844 2526 3963 sa finalis laboris.
350 5945 932 6070 Quomodo eius
338 6097 878 6214 deest effectus
354 6251 890 6364 possunt esse plu
348 6402 930 6521 res cause
1081 4022 1869 4171 Autor
1922 4004 6118 4129 ad maiorem declarationem eorum que dicta sunt de causis / per se ponit
1100 4118 5550 4277 tria notabilia. In quorum primo ponit duas proprietates causarum.
1098 4304 6168 4425 In secundo tres disuisiones. In tertio coincidentiam plurium causarum. Quantum ad
1066 4462 5916 4578 primum sciendum: que secundum Aristotelem. ij. physicorum. et. v. metaphy. tres sunt proprietates
1060 4602 6180 4728 causarum: quarum tantummodo duas vltimas hic autor ponit. Primam vero (que est hec
1102 4752 6162 4878 que vnius effectus possunt esse multe cause per se) relinquit esse notam ex iam dictis. Ad de
1054 4900 6046 5029 clarationem tamen illius pono tres distinctiones / et quatuor dicta. ¶ Prima distinctio: Du
1112 5040 5956 5178 plices sunt cause: quedam diuersorum generum / vt materialis forma efficiens et finalis:
1048 5205 6110 5327 tot enim sunt genera causarum: quedam generis / vt omnes cause efficientes / simi
1050 5355 6096 5473 liter omnes formales. Secunda distinctio: cause eiusdem generis sunt duplices: quedam
1080 5506 6156 5625 subordinate seu alterius ordinis: quarum vna agit in virtute alterius: et ille semper diffe-
1062 5656 6066 5779 runt specie: vt in generatione prolis / pater / sol et deus. Alie sunt non subordinate seu
1050 5808 6028 5929 eiusdem ordinis: vt duo homines trahentes vnam nauem. Tertia distinctio: Cause non
1064 5954 6152 6081 subordinate sunt duplices: quedam totales/quibus. s. positis omni alia causa eiusdem
1084 6112 6100 6229 generis et eiusdem ordinis seclusa ponitur effectus: vt ignis generans ignem. Alie sunt
1108 6262 5976 6383 partiales que cum alijs ve alia eiusdem generis et eiusdem ordinis producunt effectum:
1090 6416 6126 6531 vt duo trahentes nauem: neuter enim eorum est causa totalis illius tractionis. ¶ Ex his
1042 6560 6066 6687 dicitur primo: eiusdem effectus possunt esse plures cause diuersorum generum etiam totales
1066 6712 6028 6837 vt patet de statua cel homine. Secundo dicitur: eiusdem effectus possunt esse plures cau
1050 6862 6126 6993 se per se totales eiusdem generis: dummodo sint subordinate: vt sol et homo generant ho
1042 7012 6062 7135 minem. Tertio dicitur: eiusdem effectus possunt esse plures cause per se eiusdem generis et eiusdem
1050 7163 6114 7286 ordinis si sint partiales: vt cum plures trahunt nauem. Quarto dicitur: eiusdem effectus
1048 7324 6116 7434 non possit esse plures cause per se eiusdem generis et eiusdem ordinis si sint totales. Patet
1036 7469 6096 7584 quia vna earum cum sit totalis / ipsa sola producit totaliter effectum: ergo alie nihil cau-
1036 7620 6106 7734 sant. Hoc etiam probat Sco. in primo di. ij. in solu. q. prime: et in quodli. q. v. et in
1056 7765 6108 7886 tractatu de primo principio sic: quia tunc aliquid esset causa per se et totalis alicui
1030 7917 6082 8034 quo non posito nihil minus effectus esset perfecte causatus: remota enim vna ex illis
1030 8071 5976 8188 causis per possibile vel impossibile adhuc reliqua causa cum sit totalis causaret to-
1126 8234 5664 8355 taliter effectum. ¶ Secunda proprietas causarum (que est prima duarum positarum in textu)
