6979 9579
1786 536 4980 705 Tractatus Primus
447 2386 866 2492 Quare
416 2536 868 2673 deus dicitur
478 2696 650 2819 purus actus
430 2828 980 2971 et creatu
432 2984 964 3124 ra composi
434 3127 1015 3270 ta ex actu
434 3288 1006 3427 et potentia
476 4002 936 4143 Quomodo in
486 4159 942 4301 perpetuis
468 4305 1015 4435 contingere
450 4449 1015 4590 non differt
458 4614 916 4751 ab esse.
508 6416 1000 6553 Utrum in
504 6582 836 6705 celo sit
494 6734 1014 6863 materia.
530 7923 1000 8052 Duplex
542 8069 978 8196 officium
542 8224 1015 8355 anime ad
528 8386 1015 8511 corpus.
1054 788 5334 965 aliquid caret quid natum est habere non secundum suam naturam specificam / sed secundum suum genus: fient
1130 942 6132 1103 talpa dicitur ceca: quia ei non repugnat habere visum inquantum animal / licet ei repugnet
1048 1091 5724 1256 secundum se. Et in isto modo tanto generalius et minus proprie dicitur priuatio: quanto habitus
1056 1231 5974 1410 cuius est priuatio / natus est competere communiori conuenienti ipsi priuato: vt minus pro
1054 1384 5930 1569 prie aliquid diceretur priuatum: eo que non habet et aptum natum est habere secundum rationem corporis
1130 1531 6006 1704 animati: et adhuc communius si aptum natum est habere illud quo dicitur priuari solum secundum ra-
1066 1683 6126 1866 tionem corporis aut solum rationem substantie. Communissime vero et improprissime / si illud
1084 1834 6154 2015 natum est habere solum secundum rationem entis: vt omnis creatura dicitur imperfecta: non quia apta na
1070 1986 6138 2163 ta sit habere omnem perfectionem in specie vel in suo genere: sed quia habere omnem perfe-
1048 2136 6046 2315 ctionem non repugnat eius predicato communissimo / puta enti: potest enim stare ens cum
1062 2288 5826 2467 omni perfectione / vt in deo. Et ex hac causa patet / quare deus dicitur purus actus: creatu-
1070 2440 6178 2617 ra vero quelibet composita ex actu et potentia. Nam deus habet entitatem cum omni perfectione / que
1082 2588 6218 2765 nata est conuenire enti. Et ideo non est in eo potentia seu priuatio alicuius perfectionis.
1120 2740 6210 2913 In omni vero creatura est ens cum aliquo gradu perfectionis: et hoc dicitur in ea actus.
1080 2888 6122 3067 Est etiam carentia multarum perfectionum / que ei non repugnant inquantum est ens: et hec caren
1015 3038 6198 3235 tia dicitur in creatura potentia. Composita est itaque omnis creatura ex actu et potentia
1114 3190 6078 3372 .i. ex ente in aliquo gradu perfectionis et carentia multorum aliorum graduum perfectionis: quod
1122 3346 6032 3522 pulchre declarat Sco. viij. dist. j. q. ij. ¶ Sciendum secundo: que autor declarans diffi
1120 3493 6162 3670 nitionem priuationis dicit / que in diffinitione priuationis additur illa particula / cum aptitudi
1090 3650 6098 3825 ne ad illam: ad differentiam ingenerabilium et incorruptabilium / vt est corpus celeste: in quo li-
1112 3802 6054 3973 cet sit carentia multarum formarum: tamen ibi non est priuatio: quam materia perpetuorum non est apta
1124 3956 6150 4127 recipere aliam formam: quod probat per auctoritatem Aristo. in. iij. physi. vbi dicitur: Nam continge
1134 4102 6138 4277 re non differt in perpetuis ab esse: hoc est / posse esse et actu esse non distant in perpetuis: ita
1122 4250 6050 4433 que potentia in eis non precedit actum: sed quicquid possunt esse / iam sunt actu: et hec autoritas
1186 4408 6022 4577 intelligenda est de potentia passiua / et quo ad esse simpliciter. Dico / passiua: quia in perpe
1146 4558 6242 4727 tuis actiua potentia / que est ad agere / precedit ipsum agere. Dico / ad esse simpliciter: quia
1130 4705 6170 4876 in corporibus celestibus potentia ad aliquod esse accidentale / puta ad vbi orientis / precedit
1122 4861 6206 5030 illud esse accidentale. ¶ Sed circa hunc textum occurrunt duo dubia. Primum: quomodo ce
1144 5011 6134 5184 lum potest esse ingenerabile et incorruptibile si in eo sit materia. Dicit enim Aristo. viij.
1136 5163 5694 5332 metaphy. que non omnium est materia / sed quorum est generatio et transmutatio adinuicem: quecum
1112 5314 6154 5486 que autem sine transmutatione sunt / horum non est materia: cum ergo celum sit ingenerabile et in-
1122 5466 6146 5630 transmutabile / vt dicitur primo celi: ergo in eo non est materia. ¶ Secundum dubium: quomodo
1130 5614 6238 5779 materia in celo potest esse sine priuatione: cum dicat Aristo. j. physi. que materie annexa
1128 5766 6066 5933 est privatio / que semper machinatur in maleficium forme: et in vij. metaphy. dicit: materia
1150 5914 6094 6085 est qua res potest esse et non esse. Ad que dubia licet sint varie responsiones / vt recitat Sco.
1132 6072 6138 6236 in. xiiij. dist. ij. q. j. illis tamen dimissis dico secundum Sco. ibidem: que ad dubia proposita aliter
1140 6216 6242 6380 respondendum est secundum Aristo. et aliter secundum veritatem et theologos. Nam secundum opinionem
1160 6372 6016 6533 Aristo. et sui Commen. non est ponendum / que celum compositum ex materia et forma: quia Arist.
1160 6522 6168 6685 et Auer. sicut nunquam ponunt formam nisi quam arguit operatio: ita non ponunt materiam / nisi
1188 6670 6202 6837 quam arguit motus. In celo autem secundum eos non et motus ad formam / vt patet primo celi: sed
1234 6826 6214 6983 tamen ad vbi: ergo in celo non est materia que esset in potentia ad forma: sed tamen que est in po
1186 6977 5962 7138 tentia ad vbi: sed talis materia secundum Commen. in tracta. de substantia orbis / non est aliud quam
1164 7128 6270 7287 subiectum susceptibile motus: nec dicitur materia nisi equiuoce seu improprie: et ideo ipsa po-
1200 7278 5770 7433 sita in celo non oportebit ponere priuationem cum ea / nec per consequens corruptionem. ¶ Sed
1192 7429 5850 7588 contra hanc responsionem arguitur: quia secundum philosophum secundo celi et mundi: Celum est animatum
1156 7581 5874 7736 ergo in celo est materia proprie dicta / que est subiectum forme et que est altera pars compositi.
1200 7726 6030 7883 Tenet consequentia; quia anima est actus corporis physici: corpus autem physicum presupponit ma
1224 7884 6230 8037 teriam proprie dictam. Respondeo: que anima habet duplex officium respectu corporis / scilicet infor-
1212 8032 6034 8179 mandi et mouendi: nam est forma corporis et motrix eiusdem. Ubicumque ergo philosophus
1216 8170 6134 8331 dicit celum habere animam / exponendum est secundum conditionem / que anima est motrix et non forma:
1190 8334 6042 8487 et illa anima est intelligentia coniuncta orbi vt motor mobili / et non vt forma materie.
