6820 9750
1232 664 5743 815 Paruuli philosophie natu. Fo. XX
762 1204 5658 1323 tus partim in termino a quo / et partim in termino ad quem. Et sic
686 1646 5743 1783 patet que motus non est nisi corporum quę m habent partes et medi
712 2104 4070 2223 um: etiam patet que in instanti non fit motus.
619 2236 1935 2488 Secundum
1968 2261 5743 2383 notabile acceptum ex. vi. physicorum de diuisione motus in
976 2386 5724 2531 partes integrales. In quo notabili ex continuitate motus
672 2562 5722 2685 infert quattuor corrolaria. Et antequam ad illorum declarationem accedam / pono duas su
730 2716 5738 2837 positiones. Prima suppositio: motus habet duplicem diusionem secundum duplices eius
698 2862 5692 2991 partes. Habet enim motus quasdam partes subiectiuas / que sunt sex eius species: scilicet
684 3016 5738 3136 generatio / corruptio / alteratio / augmentatio / diminutio / et secundum locum mutatio: de qui~-
668 3162 5736 3288 bus dicetur in fine huius capituli. Alias habet partes integrales: et illas potest ha
674 3316 5743 3438 bere duplices. Quasdam permanentes simul / que correspondent partibus mobilis. Ali
674 3464 5710 3586 as habet succesiuas et in fieri: que correspondent partibus spacij in quo fit motus: et
684 3614 5740 3741 hoc in motu locali: Uel partibus forme que partibiliter et successiue acquiritur in mo
674 3766 5640 3891 bili: sicut fit in alteratione: similiter in augmentatione et diminutione. De vtrisque
682 3913 5730 4040 partibus integralibus hoc videtur autor loqui / licet non distincte. Secunda supposi
658 4061 5728 4192 tio que ponitur in textu / est diffinitio continui: que est hec: Continuum est partes co-
676 4214 5714 4343 pulatur ad aliquem terminum communem. Et capitur hic terminus pro fine rei extra quem
660 4366 5634 4489 nihil est illius rei accipiere: que terminus dicitur communis: non conitate predicationis/
676 4516 5726 4642 sed participationis seu terminationis: et scilicet ipse vnus existens terminat vtranque
684 4669 5732 4789 partem continui: et talis terminus debet esse indiuisibilis illa diusione que est propria
670 4822 5740 4938 partibus illius continui: vt punctus copulans partes linee / est indiuisibilis diuisione illa
662 4972 5706 5089 que diuiduntur partes linee sicut et quacunque alia. Similiter linea copulans partes
642 5120 5722 5243 superficiei / non potest diuidi diuisione secundum latitudinem que est propria superficiei. Nec superfi
670 5272 5662 5393 cies potest diuidi secundum profunditatem sicut diuiduntur partes corporis quas superficies
638 5424 5686 5545 copulat: similiter nunc copulans partes temporis non potest diuidi diuisione qam diui-
666 5576 5702 5697 ditur tempus: et sic de alijs. Ex quo patet que in omni continuo sunt aliqua diuisibilia que
666 5728 5624 5849 sunt partes illius continui: et aliqua indiuisibilia que non sunt partes illius / sed termini par
690 5881 5682 5999 tium in quibus etiam partes copulantur: et semper inter indiuisibilia cadit diuisibile seu
676 6029 5688 6145 pars continui: et econtra inter partes continui cadit indiuisibile. Nam neque indiuisibilia ne
644 6179 5724 6298 que diuisibilia possunt sibi esse immediata in continuo. Unde sicut in linea inter que
672 6327 5688 6446 libet duo puncta cadit linea: sic inter duas partes illius semꝑ cadit punctus co-
658 6478 5722 6597 pulans illas partes: et eodem modo intelligendum est de alijs continuis. ¶ Ex hac
644 6626 5692 6749 ratione continui autor infert hoc primum corrolarium: que motus cum sit quoddam continuum
650 6772 5738 6901 habet partes / et medium copulans illas partes. Ubi sciendum que sicut motus habet du
688 6924 5743 7049 plicem continuitatem: vnam ex continuitate mobilis: et aliam ex continuitate magnitudinis
670 7076 5706 7201 in qua fit motus: Ita etiam habet duplices partes integrales: sicut dictum est in pri
658 7230 5743 7351 ma suppositione. Et de vtrisque verum est corrolarium: nam sicut in magnitudine mobi
674 7378 5706 7501 lis sunt partes et medium copulans illas: sic et in motu qui extenditur per totam ma-
752 7532 5660 7653 gnitudinem mobilis. Similiter sicut magnitudo in qua fit motus (puta spacium)
694 7684 5714 7805 habet partes copulatas ad aliquem terminum communem seu ad aliquod medium: sic etiam
658 7828 5658 7955 motus habet partes copulatas ad aliquod medium seu terminum communem: et harum
666 7982 5722 8109 partium vna prior est que correspondet parti magnitudinis prius pertransite: et
670 8136 5658 8258 reliqua posterior. Medium autem copulans has partes motus vocatur muta-
660 8288 5680 8410 tum esse. Uerum tamen differenter motus habet has illa partes: quia has par
666 8444 5714 8581 tes que correspondent partibus magnitudinis in qua fit motus / non habet simul
5844 4268 6350 4389 Continui
5812 4426 6376 4543 diffinitio
5743 6920 6312 7039 Duplex
5782 7068 6366 7187 continui-
5743 7230 6330 7343 tas motus
