2597 3500
489 450 2134 581 De quibus supradictum est justissime arrestate et detente fuerunt Quo
642 564 2171 641 arresto non obstante ymo In contemptum et vilipendium ejusdem et
652 619 2195 700 justicie mee iidem de Dansick cum navibus suis arrestatis flante
651 675 2197 750 aura secunda clam recesserunt Qui quantam in me delinquerint
2197 685 2403 760 in hoc ga
645 731 2172 805 et michi meisque Iniuriam gravem intulerint facile perpendi et judi
650 789 2172 862 cari potest Nichilominus ob honorem vestre Regie majestatis et ut vera
642 844 2175 929 amicicia inter eandem terrasque et dominia vestra et me ac mea semper obser
651 902 2227 978 vetur dummodo pro tanta mihi justicieque mee illata iniuria per dictos
628 955 2136 1031 de Dansick condigna Reparcicio et dictis dampnificatis subditis
636 1018 2160 1097 meis Integra ablatorum restitucio prius facta fuerit uti racionis
638 1075 2098 1155 est libenter animo prospiciam quantum in me est Ut intercursus
629 1128 2153 1206 mercature et negociacio publica Inter subditos utriusque nostrum In
617 1193 2160 1277 Terris et dominiis meis more pristino Exerceatur et In dies magis
645 1250 2147 1333 crescat et augeatur Quod vero preter hec ad dietas aliquas sint in
625 1307 2142 1404 Lubick sive alibi ob hanc causam mittam aut ulterius super hoc
627 1375 2179 1448 me requirere debeat Regia majestas vestra Nec justum videtur
642 1434 2205 1497 ne raconi consonum Inceteris quibus majestas vestra possem esse comodo
656 1478 2113 1562 aut honori vellem semper esse paratissimus novit Deus qui
656 1540 2155 1622 eandem majestati vestre feliciter conservet in longevum Ex oppido meo Bru
647 1618 834 1689 xellensi
1364 1627 2165 1706 Consangwineus vester dux Burgundie
1401 1685 2160 1760 Brabancie et Limburgie comes Flan
1406 1736 1784 1816 drie Arthesii etc
372 1846 2344 2224 Litera Confirmatoria data
564 2151 2313 2340 Civitati Oppathow sequitur
411 2326 2264 2512 In nomine Domini Amen Ad perpetuam rei memoriam Nos Kazimirus Dei gracia Rex Polonie Necnon
585 2393 2240 2457 Cracovie Sandomirie Siradie Lancicie Cuyavie Magnus dux Lithwanie Russie Prussieque
590 2444 2244 2528 Necnon Culmensis Elbingensis Konigsbergensis et Pomeranie terrarum heres et domini etc Significamus
603 2505 2189 2577 tenore presencium quibus expedit universis presentibus et futuris presencium noticiam habituris Et
590 2562 2180 2635 quamvis universas peticiones licitas et honestas ad ex audicionis graciam libenter admittimus
573 2616 2243 2692 Eas tamen que profectum Ecclesie ac earumdem subditorum accomodum redolent multoplus admissas
596 2676 2159 2746 decreto nostro perhennamus Oblata igitur peticio Majestati nostre per providos Consules opi
602 2725 2237 2800 danos et Incolas opidi Opathoviensis fideles nostros dilectos Quatenus de innata nostre Regie benignitatis
602 2780 2181 2866 clemencia litteram privilegialem per Reverendum in Christo patrem domini Fridericum Episcopum Lubucensem
603 2832 2244 2931 sincere nobis dilectum Eiisdem Consulibus et toti Comunitati in Opathow datam largitam et concessam
608 2881 2230 2976 innovare et confirmare dignaremur Cujusquidem littere tenor de verbo ad verbum Sequimur et ē tal̄
552 2929 2239 3059 Nos Fridericus Dei et Apostolice sedis gracia Episcopus Lubuczensis universis et singulis presentas litteras
