2625 3500
342 448 1940 534 inspecturis volumus fore notum Quod necessitatibus fidelium nostrorum Consulum ac tocius
380 522 1965 586 Comunitatis Civitatis nostre Opathoviensis quibus pro supportandis oneribus ipsius Civitatis
388 568 2004 637 dietim et maxime in hiis temporibus nimium pregranantur auditis et attentis quantum in nobis
395 629 1958 687 est ad hoc opem et operam libenter impendimus ut eos ab hujusmodi necessitatibus relevemus ut
377 673 1961 760 igitur fructus et proventus dicte Civitatis nostre Opathoviensis quibus onera ejus cottidie occurencia
395 730 1985 810 et incumbencia facilius supportari valeant aliqualiter augeantur Ipsis Consulibus et toti Comunitati
404 781 2054 868 memorte Civitatis nostre Opathoviensis et specialis gracie benivolencia indulsimus et presentibus indulgemus
371 846 2000 929 Quatenus certa pretorium in medio ipsius Civitatis situatum construere et edificare valeant structuras
404 906 1997 991 et edificia pro Bancis panum Salis et Sutorum necnon Gazas sive Cameras penesticarum
405 953 2011 1049 et eā quecumque comode sive mansiones in quibus artifices videlicet Gladiatores Sellatores Aurifabri
396 1014 1994 1115 Curiferes seu quicumque alii locari et commorari possint ad exercenda artificia sua ac eciam locum
420 1072 2000 1180 in ipso pretorio ubi pellifices in nundinis sive annuali foro quod annis singulis circa festum
407 1141 2007 1233 Beati Martini Episcopi et Confessorum celebrari solet et servari Pellicia sua venalia exponant volumus
416 1195 1986 1302 que quod deinceps et in antea in dictis locis ut pote in Bancis panum panes per pistores extra
425 1257 1997 1354 comunem diem fori per Septimanam Ac Calcei per Sutores in die fori in Bancis suis Necnon
415 1300 2004 1412 Sal per vendentes illud in loco suo ad hoc aptato et disposito et non alibi vendantur Insuper
419 1365 2019 1480 Mercato sive Instructores qui ut comuniter et quasi diebus singulis ante domus Civiles
423 1427 2017 1552 stare et ibidem res seu mercancias suas vendere et venales exponere hucusque consweuerunt
432 1484 2003 1601 in antea dum hujusmodi loca sive comoda et mansiones certa pretorium ut premittimur constructa
422 1540 1995 1657 et edificata fuerint in loco pro eis disposito et aptato stare ac justicias seu res suas venales
419 1585 1983 1725 exponere debebunt Penestice eciam qua comunibus diebus et quodammodo quottidie legumina
415 1662 1958 1791 sive fructus et quevis alia victualia ante domos Civium vendere conswerunt Et quecumque
423 1713 2002 1856 tales infuturum advenientes et victum penesticarum exercere volentes gazas seu cameras sic
415 1764 2003 1931 structas ab ipsis Consulibus conducant et ibi res suas vendant ac venales exponant Soluto
411 1829 1993 1978 de hujusmodi gazis sive Cameris dictis Consulibus pro tempore existentibus annuatim aut alias pro
405 1882 2057 2039 rata temporis censu competenti Eciam piscatores Sutores vendentes Sal ac artifices Singuli
350 1965 2059 2094 Necnon pellifices Instructores sive mercatores de Bancis seu locis et mansionibus ipsis deputatis
411 2032 2027 2165 et assignatis aut assignandis et pro eis constructo Censum ipsis Consulibus annis singulis
404 2093 2021 2222 prout racionis fuerit dent et persolvant Nam quicquam prelibati Consules et Comunitas prefate Civitatis
389 2143 1988 2292 Oppathoviensis et hujusmodo structuris Bancis Mansionibus Gazis seu Cameris penesticarum pro
413 2210 2012 2353 sustentacione ipsius Civitatis et ejus oneribus supportandis emolimenti et utilitatis moderamine tamen
396 2280 2016 2416 debito premo habere poterint hoc eis et ipse Civitate nostre Opathoviensis et singulari gracia et benivo
390 2344 2030 2472 lencia in quantum possimus apropriamus incorporamus ascribimus et unimus per premisso Tamen fore
363 2415 2007 2522 Comuni quod singulis Septimanis in prefata Civitate nostra Opathoviensi diebus sabbatinis
387 2474 2018 2589 solitum est servari quo ad alia preter premissa nolumus aliquatenus derogare vel eciam preindicare Nec
354 2541 1999 2642 villanas que dicti victualia ad forum solent apportre quovismodo intendimus astringere quando
380 2597 1992 2695 hujusmodi victualia pullos pullos Caseos leguminum et quevis similio sicuti prius labore
350 2653 2004 2753 vendere possint In quorum omnium et singulorum fidem et evidens testimonium Sigillum nostrum
374 2714 2046 2815 et certa nostra sciencia presentibus appensum Datum Opathow Sabbato in crastino Beatorum Symonis
330 2768 1997 2878 et Jude Appostolorum Anno Domini millesimo quadringentesimo quinquagesimo Septimo presentibus
390 2833 2035 2937 honorabilibus viris dominis Clemente Sthrener et Georgio Borensel de nostre Ecclesie Lubuczensi Can̄tꝭ
330 2891 1995 3010 Nos vero prefatus Kazmirus Rex attendentes Hujusdi peticionem fore dignam et racioni consonam
