2625 3500
227 403 1952 839 Illustrissime ac Potentissime princeps Domine et Consangwinee carissime
453 551 1920 642 litteras vestre Regie majestatis ex manu presencium latoris nunci vestri recepi
458 608 2007 686 Continentes qualiter Opidani et incole Opidi Gdanensis postquam majestas
457 675 2044 744 vestra in possessionem terrarum Prussie et Pomeranie restituta fuit demptis
475 725 1959 801 nonnullis fortaliciis que per hostes et rebelles vestros dicitis intercepta
471 787 1999 852 fore multa clara et previa fecere avisamenta Ne illis hostibus nostris
464 843 1958 918 de dominiis meis ac aliis partibus maritimis presidium victualium et
469 900 2007 979 necessariorum quoruncunque aministraretur et quod magis est ne quispiam ingre
468 944 2007 1030 deretur in ore portus fortissima obstacula struxerunt ex posuerunt quodque
477 1016 2045 1095 certe naves de patriis meis Hollandie et Zellandie ad oras hostium nostrorum
465 1075 2020 1153 hostili more mare sulcantes et portum Balgensem Ipsis obstaculis con
457 1132 2049 1213 fractis quasi contingentes per vestros hostili more et jure belli suadente capte
461 1200 2021 1276 et abducte fuerunt Cujus rei occasione quedam naves mercibus et rebus
464 1253 2001 1354 onuste mercatorum et Incolarum prefati opidi Gdanensis negociandi causa gracia
464 1316 1992 1406 sub salvo conductu officialis meis de Middelberg per eundem officialem
457 1385 2010 1475 fuerunt arrestate personis dictarum Navium in vincula conjectis hortando me
469 1457 1996 1535 propterea eadem majestas vestra ut mercancias et bona cum navibus et hominibus
468 1516 1988 1612 predictis libera et absoluta dimitti faciam et efficere Ut negociatoribus de
445 1575 1948 1691 dominiis vestris et signanter de Terris Prussie securus accessus et Regressus
476 1639 2011 1747 mercandi ad dominia mea patefiat Et si aliqui ex subditis meis accionem
462 1697 1975 1807 ullam contra vestros habere pretendant ad satiſfaciendum querentibus hincinde
451 1753 2058 1885 velim in opido Lubik aut alibi locum et terminum deputare et illuc consiliarios
458 1822 2037 1945 meos destinare quod parimodo se facturam pollicetur majestas vestra uti et alia
2037 1892 2116 1944 hec
453 1879 1986 2000 in predictis vestris litteris vidi lacius contineri Super quibus illustrissime princeps
447 1949 1972 2054 domine et Consangwinee carissime vestra noverit majestas summo michi desiderio
452 2004 1963 2108 semper fuisse et adhuc esse ut subditi Prussie aliique Illarum Regionum Incole
452 2070 1968 2174 cum subditis meis parimodo eciam subditi mei cum eisdem libere et pacifice
446 2134 2011 2234 mercari et negociari valeant Patriasque et Terras meas cum Rebus et mercibus
443 2192 2024 2304 suis illi pacifice frequentare dummodo eciam mei Terras illas tam vobis subdi
449 2254 2005 2357 tas quam alias libere adire et frequentare possint Si tamen a ego licet a Sanctissimo
434 2319 1982 2432 domino nostro papa et Imperiali majestate In favorem dictorum Religiosorum fuerim
440 2383 1985 2495 instantissime requisitus Actamen ne intercursus mercature publice quovismodo
432 2460 1914 2555 Impediretur me nullatenus intromittere volui uti hec dictis de Dansick
446 2526 1961 2624 anterioribus diebus scripsisse recordor Idem de Dansick subditos meos
441 2599 1938 2689 qui gwerras illas curare non habebant preter omninem juris ordinem
447 2667 1953 2744 dampna plurima intuleruntt Ego assiduo clamore eorundem subditorum
434 2734 1909 2806 meorum dampnificatorum impulsus post diversas Requisiciones et somniaciones
445 2787 1899 2870 super facienda ablatorum Restitucionem eis factas juris Remedium in tali
449 2856 2019 2953 casu solitum ie et requisitum eisdem subditis meis non potui denegare
444 2916 1943 3004 litteras videlicet Reprusaliarum In ipsos de Dansick dampnidatores eis
447 2976 1964 3086 concedendo Quare litterarum vigore certe naves eorundem de Dansick
2116 2235 2158 2265 a
2023 2274 2305 2339 pretextu gwer
2036 2328 2314 2382 rarum quas celsitudo
2019 2374 2290 2422 vestra contra Reli
2002 2421 2276 2465 giosos de pͦſẜa
1997 2458 2266 2509 habere dicit de
2009 2511 2249 2567 quibus ego
