2597 3500
633 465 2162 581 nobis mutue caritatis sinceritate justicie nostre favendo esse affectam Ac aliis
621 544 2154 630 partibus maritimis presidium victualium et necessariorum quoruncunque am
630 605 2155 672 ministraretur et prestaretur fideles nostri dilecti famosi Cives Civitatis
635 650 2108 722 nostre Gdanensis insinuantes et multa clara previaque fecere avizamenta
620 706 2142 788 Et quod mage est ne quispiam ingrederetur in ore portus fortissima struxere
638 757 2167 841 et posuerunt obstacula Que minime advertentes certe Nawes de do
636 820 2147 907 miniis vestra fraternitatis Holandrie et Zeelandrie dictis ad oras hostium nostrorum mare
621 884 2119 966 sulcantes et portum Balgensem pene contingentes ipsis obstaculis defractis et
626 939 2105 1025 disjectis applicate per gentes armorum nostras contra hostiles insidias maris
626 999 2169 1086 excubias observantes more hostili et jure belli swadente fuere recepte
632 1063 2204 1162 et abducte Cujus rei quasi pretextu et in vim repressoriarum quamvis minus
627 1126 2151 1209 legittima occasione sumpta ut intelligimus quedam rates mercibus et
622 1182 2178 1269 rebus onuste mercatorum et Institorum prefate Civitatis nostre Gdanensis
602 1235 2181 1328 gracia negociandi sub Salwo conductu et christianica securitate per vasal
633 1285 2198 1397 lum sive Officialem de Mittemburg motu proprio eidem concesso ac illorsum
614 1347 2090 1440 ut descenderent uti ab eiisdem accepimus humaniter invitatas per
624 1395 2220 1518 eundem vasallum sive Officialem sunt arestate in hactenusque minus
616 1460 2115 1549 juste retinentur detente ut autumamus preter Vestra Fraternitatis scienciam et vo
626 1508 2217 1613 luntatem personis dictarum Nawium in vincula coniectis Sed ut amor
533 1592 600 1649 cum
600 1580 2123 1677 Vestre Fraternitatis solidatus propensiora valeat suscipere incrementa Et ne subditi
597 1646 2121 1744 Vestre Fraternitatis in prosecucione justicie nostre videantur nobis impedimento esse Vestram
598 1713 2213 1794 Fraternitatem puro ex affectu rogamus velit firmissimo et efficaci edicto demandare
615 1774 2127 1860 Quatenus mercancie et bona cum navibus et hominibus sic ut refertur detenta
609 1837 2146 1915 libera et absoluta dimittantur Efficereque ut negociatoribus de dominiis
617 1899 2167 1981 nostris Et signanter Terris Prussie securus accessus et recessus mercandi
621 1960 2133 2043 ad eadem dominia vestra quociens expedierit pateat Et si prefatus va
617 2021 2201 2125 sallus aut officialis de Mitelburg seu quispiam ex subditis Vestre Fraternitatis actionem
633 2088 2124 2168 aliquam habere contra nostros aut se aliqua iniuria gravatum pretenderet
626 2146 2154 2231 ad satisfaciendum querentibus hincinde placeat eedem Vestre Fraternitati in Civitatem
620 2209 2130 2294 Lubik aut alibi juxta beneplacitum et voluntatem ejusdem locum et
635 2268 2198 2357 terminum competentem deputare Ad que Fraternitas Vestra Consiliarios suos mittere
630 2347 2210 2427 velit Et nos parimodo transmittemus quibus convenientibus habebunt
638 2414 2220 2504 plenum mandatum justiciam petenti cognoscendi sentenciandi omnimodam
632 2483 2265 2567 facultatem Non solum enim nobis Vestra Fraternitas in eo rem gratissimam ostendet
633 2550 2193 2626 Sed nostrorum utrunque dominiorum cedet in uberosam ampliacionem et vi
629 2619 2218 2712 cissitudinarie amicicie augmentum Optamus a Vestra Fraternitate literale responsum
636 2674 1625 2781 ad premissa nuncium per presentem datum etc
710 2780 1731 2910 Responsum ducis Burgundie
741 2870 1608 3032 super prescriptam litteram
