2597 3500
633 444 2193 520 litteram seu Privilegium introscriptum per memoratum dominum Episcopum Lubuczensem ipsis consulibus
630 509 2235 577 et Comunitati in Opathow datum et concessum omnibus suis punctis clausulis articulis et condicionibus
621 561 2236 636 de nostra certa sciencia ac Consilio nostrorum Consiliariorum ad id accendente innovamus gratificamus approbamus
618 610 2172 683 et confirmamus presentis scripti patrocinio mediante decernentes ea robur perpetue obtinere firmitatis preterea
605 659 2192 738 volumusque per nostram presentem confirmacionem ac litteralem approbacionem fora nundinarum seu annualia ac
610 718 2170 788 Septimanalia vulgariter volnetargii in nullo diminuantur aut quovismodo decrescent sive prepediantur
620 771 2181 839 quem dicto Opido Opathow teneri sunt solita et consweta Sed quod omnibus hominibus cujuscumque status
614 826 2183 896 condicionis aut preeminencie fuerint In hujusmodi foris nundinarum ac Septimanalibus videlicet solum
610 882 2164 946 singulis diebus Sabbatinis in prefato opido Opathow liberum sit vendere et emere negociari et mercari
618 936 2218 995 juxta veterem et antiquam conswetudinem dudum circa talia fora tentam et observatam In cujus rei testimonium
603 992 2160 1063 Sigillum nostrum presentibus est subappensum Actum in Convencione Pyothrkoviensi generali feria secunda
615 1046 2185 1123 in crastino sancte Barbare virginis Anno Domini millesimo quadringentesimo quinquagesimo septimo
579 1106 2147 1174 Presentibus ibidem Reverēndissimo Reverendisque in Christo patribus dominis Johanne Archepiscopo et primate
599 1160 2166 1230 Ecclesie Gneznensi Thoma Cracoviensi Johanne Wladislaviensi Regni Polonie Cancellario Andrea
590 1211 2189 1296 Poznaniensi Episcopo Necnon Magnificis et Generosis Johanne de Crzyszow Cracoviensi Castellano
613 1272 2146 1340 et Capitaneo Cracoviensi Stanislao de Ostrorog Calischiensi Derslao de Rithwani Siradiensi
605 1336 2221 1399 Petro de Oporow Lanciensi palatinis Petro de Schamothuli Poznaniensi Petro de Gay Calischiensi
611 1393 2166 1455 Hincza de Rogow Siradiensi Regni Polonie vicethezaurario et Andrea de Crethkow Brzestensi
611 1444 2182 1518 Castellanis Ac aliis quampluribus testibus circa premissa Datum per manus prefati Reverendis patris
611 1501 2193 1579 domini Johannis Episcopo Wladislawiensis Cancellarii et venerabilis Johannis de Brzezye utriusque
590 1564 2230 1637 jurisdoctoris Apostolici prothonotarii et ejusdem pallacii causarum auditoris Archidiaconi Gneznensis
614 1631 1722 1701 et vicecancellarii Regni Polonie sincere nobis dilectorum
