2625 3500
810 2140 1991 2291 De libero navigando per mare usu Gedanensibus
839 2261 2019 2349 Civibus cum Flandrie Zelandrie et Olandrie
1191 2346 1383 2421 colonis
333 2018 2030 2533 Kazimirus Dei gracia Rex Polonie Magnus dux Lithwanie Russie Prussieque
558 2505 2031 2580 dominus et heres etc Preclaro et magnifico principi domino Philipo eadem
465 2559 2066 2634 gracia duci Burgundie Brabancie Lumburgie Comiti Flandrie Artesii Olan
491 2608 2016 2708 drie et Zelandrie etc fratri nostro carissimo Salutem fraterni amoris juge incre
487 2668 1993 2748 mentum et prosperos ad vota successus preclare et Magnifice princeps frater noster
481 2720 1981 2792 carissime Postquam nutu divino in Terrarum nostrarum Prussie et Pomeranie
494 2775 2039 2857 que de corpore Regni nostri ocultissimo Dei judicio per Tyrannidemque diversis
491 2839 2067 2905 collusionibus intervenientibus eas occupan...um exciderant realem et actualem
489 2888 2036 2981 restituti sumus possessionem preter nonnulla fortalicia que per hostes et rebel
481 2960 2062 3048 les nostros sunt intercepta Quibus ne de dominiis Vestre Fraternitatis quam credimus
