1517 2280
344 108 1420 193 eo que habent species intelligibiles eis concreatas. Unde dixit auctor de cau
345 176 1416 235 sis que intelligentia plena est formis. Intellectus etiam separati maxime sunt
347 221 1414 279 in actu non ergo intelligunt discursive de isto tamen plenius ostenditur. xii. me-
348 266 1416 326 thaphi. Sequitur correlarie primo que intelligere discursive est imperfe-
348 312 1418 374 ctionis patet et intellectus intelligens discursive colligit species a rebus. unde
337 358 1427 414 recte dixit Com. xii. methaphi. Scientia divina causat res: nostra autem scientia
351 409 1423 462 causatur a rebus. Sequitur correllarie secundo que illis divinis non convenit
352 452 1416 507 hec tertia operatio intellectus patet et nihil imperfectiois. Sequitur correl-
354 499 1418 556 larie tertio que substantie separate maxime debet dici intellectuales et parum
349 542 1418 599 rationales patet et substantie separate intelligunt intuitive tamen et rationantur proceden
353 592 1423 649 do a causa ad effectum. Sequitur correlarie quarto que homo maxime et proprie
347 634 1421 690 dicitur rationalis et multum sed parum dicitur intellectuales patet et intellectus noster
354 678 1419 739 discurrit a causis ad effectus. Sequitur correllarie quinto que hec operatio
359 725 1419 785 tertia comprehenditur sub secunda patet et discursus etiam fit componendo et hec ope
354 772 1424 830 ratio exprimitur per demonstrationem et syllogismum demonstrativum de quo
354 823 1310 875 dicitur primo poste. demonstratio est syllogismus faciens scire.
364 863 1415 941 Notandum quarto et ultimo. Que sicut sensus non
357 927 1413 981 decipitur circa proprium sensibile nec errat circa ipsum nisi per accidens ut osten
353 972 1413 1032 sum est in secundo huius. sic etiam intellectus noster non errat circa ipsum quod quid
est et quiditatem rei quam comprehendit in prima operatione sua nisi per accidens . Du
357 1067 1416 1124 pliciter ergo secundum Egidium contingit intellectum per accidens errare circa primam
357 1109 1420 1166 operationem intellectus et circa ipsum que quid. Primo non applicando debi
358 1157 1413 1210 tam diffinitionem diffinito. Secundo non applicando debitum genus debite
differentie vel debitum actum. debite ponere uniendo. s. illa in diffinitione que
364 1243 1411 1303 impossibilia sunt uniri ut dicendo homo est animal insensitivum: et autem unaqueque
356 1292 1419 1349 res magis est dicenda talis secundum illud quod ei per se convenit quam secundum id quod ei
353 1335 1416 1393 per accidens convenit. igitur intellectus in prima operatioe dicitur semper et per se verus ut
363 1379 1415 1441 dicitur in textu: sed in secunda operatione et tertia contingit fieri falsitatem. Sequi
363 1428 1415 1483 tur correllarie que maxime contingit et possibile est intellectum errare in ope
356 1471 1416 1528 ratione tertia et aliquando intellectus accipit hoc pro causa quod non est causa
358 1514 1411 1580 Sequitur correlarie secundo que in operatione secunda minus errat intellectus quam
357 1566 1414 1621 in tertia patet et in compositione et divisione non accidit tanta varietas et di-
363 1611 1421 1665 versitas sicut in prima. Sequitur correllarie tertio que in prima operatione
364 1651 1419 1715 minus intellectus errat quam in secunda. Sequitur correllarie quarto et ut dicit
358 1702 1416 1756 Thomas que logica est directiva nec intellectus errat in operationibus
368 1744 1416 1806 suis necesse fuit ut Aristo. plures libros fecit pro regulatione et directio
367 1794 1419 1851 ne intellectus in tertia operatione quam prima et secunda patet et ubi est maior in-
358 1832 1423 1896 firmitas ibi est applicando medicina. Unde pro operatione tertia dirgenda
353 1879 1416 1968 fecit quattuor libros priorum posteriorum elencorum et topicorum. Pro operatione
