<?xml version="1.0" encoding="UTF-8" standalone="yes"?>
<PcGts xmlns="http://schema.primaresearch.org/PAGE/gts/pagecontent/2013-07-15" xmlns:xsi="http://www.w3.org/2001/XMLSchema-instance" xsi:schemaLocation="http://schema.primaresearch.org/PAGE/gts/pagecontent/2013-07-15 http://schema.primaresearch.org/PAGE/gts/pagecontent/2013-07-15/pagecontent.xsd">
    <Metadata>
        <Creator>prov=University of Rostock/Institute of Mathematics/CITlab|PLANET AI GmbH/Tobias Gruening/tobias.gruening@planet-ai.de:name=/net_tf/LA73_249_0mod360.pb:de.uros.citlab.segmentation.CITlab_LA_ML:v=2.6.7
Transkribus</Creator>
        <Created>2022-05-16T13:39:48.004+02:00</Created>
        <LastChange>2022-07-13T13:09:46.746+02:00</LastChange>
        <TranskribusMetadata docId="1002841" pageId="38390284" pageNr="76" tsid="82347936" status="IN_PROGRESS" userId="14555" imgUrl="https://files.transkribus.eu/Get?id=RVJEUAJLHKTOWPOCTETVXMEJ&amp;fileType=view" xmlUrl="https://files.transkribus.eu/Get?id=UCIXKANBIXCJOIZRIXTYPDNU" imageId="30937015"/>
    </Metadata>
    <Page imageFilename="16526990558888bsb11110894-0076.jpg" imageWidth="7633" imageHeight="10187">
        <ReadingOrder>
            <OrderedGroup id="ro_1657710586746" caption="Regions reading order">
                <RegionRefIndexed index="0" regionRef="r1"/>
            </OrderedGroup>
        </ReadingOrder>
        <TextRegion orientation="0.0" type="paragraph" id="r1" custom="readingOrder {index:0;} structure {type:paragraph;}">
            <Coords points="748,722 748,8086 6828,8086 6828,722"/>
            <TextLine id="r1l1" custom="readingOrder {index:0;}">
                <Coords points="748,848 1010,844 1272,840 1534,836 1797,832 2059,830 2321,828 2584,824 2846,822 3108,820 3371,820 3633,818 3895,818 4157,818 4420,818 4682,818 4944,820 5207,822 5469,824 5731,826 5994,828 5994,732 5731,730 5469,728 5207,726 4944,724 4682,722 4420,722 4157,722 3895,722 3633,722 3371,724 3108,724 2846,726 2584,728 2321,732 2059,734 1797,736 1534,740 1272,744 1010,748 748,752"/>
                <Baseline points="748,816 1010,812 1272,808 1534,804 1797,800 2059,798 2321,796 2584,792 2846,790 3108,788 3371,788 3633,786 3895,786 4157,786 4420,786 4682,786 4944,788 5207,790 5469,792 5731,794 5994,796"/>
                <TextEquiv>
                    <Unicode>tuor circulis minoribus qui diuidunt speram in partes inequales. Et pri</Unicode>
                </TextEquiv>
            </TextLine>
            <TextLine id="r1l2" custom="readingOrder {index:1;}">
                <Coords points="762,1066 998,1062 1235,1058 1472,1056 1709,1054 1946,1052 2182,1050 2419,1048 2656,1048 2893,1046 3130,1046 3366,1046 3603,1046 3840,1046 4077,1044 4314,1044 4550,1044 4787,1042 5024,1042 5261,1040 5498,1038 5498,942 5261,944 5024,946 4787,946 4550,948 4314,948 4077,948 3840,950 3603,950 3366,950 3130,950 2893,950 2656,952 2419,952 2182,954 1946,956 1709,958 1472,960 1235,962 998,966 762,970"/>
                <Baseline points="762,1034 998,1030 1235,1026 1472,1024 1709,1022 1946,1020 2182,1018 2419,1016 2656,1016 2893,1014 3130,1014 3366,1014 3603,1014 3840,1014 4077,1012 4314,1012 4550,1012 4787,1010 5024,1010 5261,1008 5498,1006"/>
                <TextEquiv>
                    <Unicode>mo determinat de circulo solstitij estiualis ⁊ dicit vt patet in textu.</Unicode>
                </TextEquiv>
            </TextLine>
            <TextLine id="r1l3" custom="readingOrder {index:2;}">
                <Coords points="812,1456 1070,1451 1328,1446 1586,1442 1844,1438 2102,1436 2360,1434 2618,1434 2876,1432 3134,1432 3392,1432 3650,1432 3908,1434 4166,1434 4424,1434 4682,1436 4940,1436 5198,1436 5456,1436 5714,1435 5972,1434 5972,1338 5714,1339 5456,1340 5198,1340 4940,1340 4682,1340 4424,1338 4166,1338 3908,1338 3650,1336 3392,1336 3134,1336 2876,1336 2618,1338 2360,1338 2102,1340 1844,1342 1586,1346 1328,1350 1070,1355 812,1360"/>
                <Baseline points="812,1424 1070,1419 1328,1414 1586,1410 1844,1406 2102,1404 2360,1402 2618,1402 2876,1400 3134,1400 3392,1400 3650,1400 3908,1402 4166,1402 4424,1402 4682,1404 4940,1404 5198,1404 5456,1404 5714,1403 5972,1402"/>
                <TextEquiv>
                    <Unicode>Notandum pro Intellectu textus Q⁊ autor in textu</Unicode>
                </TextEquiv>
            </TextLine>
            <TextLine id="r1l4" custom="readingOrder {index:3;}">
                <Coords points="750,1662 1010,1660 1270,1657 1530,1654 1790,1652 2051,1650 2311,1648 2571,1647 2831,1646 3091,1644 3352,1644 3612,1642 3872,1642 4132,1642 4392,1642 4653,1642 4913,1642 5173,1642 5433,1644 5693,1644 5954,1646 5954,1550 5693,1548 5433,1548 5173,1546 4913,1546 4653,1546 4392,1546 4132,1546 3872,1546 3612,1546 3352,1548 3091,1548 2831,1550 2571,1551 2311,1552 2051,1554 1790,1556 1530,1558 1270,1561 1010,1564 750,1566"/>
                <Baseline points="750,1630 1010,1628 1270,1625 1530,1622 1790,1620 2051,1618 2311,1616 2571,1615 2831,1614 3091,1612 3352,1612 3612,1610 3872,1610 4132,1610 4392,1610 4653,1610 4913,1610 5173,1610 5433,1612 5693,1612 5954,1614"/>
                <TextEquiv>
                    <Unicode>dicit Q⁊ sol motu raptu firmamenti vel primi mobilis describit circulum</Unicode>
                </TextEquiv>
            </TextLine>
            <TextLine id="r1l5" custom="readingOrder {index:4;}">
                <Coords points="766,1884 1026,1879 1287,1874 1547,1870 1808,1868 2068,1866 2329,1864 2589,1864 2850,1862 3110,1862 3371,1862 3631,1862 3892,1864 4152,1864 4413,1864 4673,1864 4934,1864 5194,1864 5455,1864 5715,1862 5976,1860 5976,1764 5715,1766 5455,1768 5194,1768 4934,1768 4673,1768 4413,1768 4152,1768 3892,1768 3631,1766 3371,1766 3110,1766 2850,1766 2589,1768 2329,1768 2068,1770 1808,1772 1547,1774 1287,1778 1026,1783 766,1788"/>
                <Baseline points="766,1852 1026,1847 1287,1842 1547,1838 1808,1836 2068,1834 2329,1832 2589,1832 2850,1830 3110,1830 3371,1830 3631,1830 3892,1832 4152,1832 4413,1832 4673,1832 4934,1832 5194,1832 5455,1832 5715,1830 5976,1828"/>
                <TextEquiv>
                    <Unicode>solstitij estiualis. Sciendum quod motus solis non dicitur ꝓprie moueri</Unicode>
                </TextEquiv>
            </TextLine>
            <TextLine id="r1l6" custom="readingOrder {index:5;}">
                <Coords points="766,2106 1025,2100 1285,2094 1544,2090 1804,2088 2064,2086 2323,2084 2583,2082 2842,2082 3102,2082 3362,2082 3621,2082 3881,2082 4140,2082 4400,2082 4660,2082 4919,2080 5179,2080 5438,2078 5698,2074 5958,2072 5958,1976 5698,1978 5438,1982 5179,1984 4919,1984 4660,1986 4400,1986 4140,1986 3881,1986 3621,1986 3362,1986 3102,1986 2842,1986 2583,1986 2323,1988 2064,1990 1804,1992 1544,1994 1285,1998 1025,2004 766,2010"/>
                <Baseline points="766,2074 1025,2068 1285,2062 1544,2058 1804,2056 2064,2054 2323,2052 2583,2050 2842,2050 3102,2050 3362,2050 3621,2050 3881,2050 4140,2050 4400,2050 4660,2050 4919,2048 5179,2048 5438,2046 5698,2042 5958,2040"/>
                <TextEquiv>
                    <Unicode>motu raptys firmamenti. Ratio quia vbi est raptus ibi est violentia. Sʒ</Unicode>
                </TextEquiv>
            </TextLine>
            <TextLine id="r1l7" custom="readingOrder {index:6;}">
                <Coords points="796,2320 1053,2316 1310,2314 1567,2310 1824,2308 2081,2306 2338,2305 2595,2304 2852,2302 3109,2302 3367,2302 3624,2302 3881,2300 4138,2300 4395,2300 4652,2298 4909,2298 5166,2297 5423,2296 5680,2294 5938,2292 5938,2196 5680,2198 5423,2200 5166,2201 4909,2202 4652,2202 4395,2204 4138,2204 3881,2204 3624,2206 3367,2206 3109,2206 2852,2206 2595,2208 2338,2209 2081,2210 1824,2212 1567,2214 1310,2218 1053,2220 796,2224"/>
                <Baseline points="796,2288 1053,2284 1310,2282 1567,2278 1824,2276 2081,2274 2338,2273 2595,2272 2852,2270 3109,2270 3367,2270 3624,2270 3881,2268 4138,2268 4395,2268 4652,2266 4909,2266 5166,2265 5423,2264 5680,2262 5938,2260"/>
                <TextEquiv>
                    <Unicode>in motibus celorum ⁊ sperarum celestium no~ est violentia quia alias ibi</Unicode>
                </TextEquiv>
            </TextLine>
            <TextLine id="line_1657618539574_421" custom="readingOrder {index:7;}">
                <Coords points="800,2438 1101,2436 1402,2432 1704,2432 2005,2430 2307,2428 2608,2426 2909,2425 3211,2424 3512,2422 3814,2422 4115,2420 4416,2420 4718,2418 5019,2416 5321,2415 5622,2414 5923,2412 6008,2411 6008,2507 5923,2508 5622,2510 5321,2511 5019,2512 4718,2514 4416,2516 4115,2516 3814,2518 3512,2518 3211,2520 2909,2521 2608,2522 2307,2524 2005,2526 1704,2528 1402,2528 1101,2532 800,2534"/>
                <Baseline points="800,2502 1101,2500 1402,2496 1704,2496 2005,2494 2307,2492 2608,2490 2909,2489 3211,2488 3512,2486 3814,2486 4115,2484 4416,2484 4718,2482 5019,2480 5321,2479 5622,2478 5923,2476 6008,2475"/>
                <TextEquiv>
                    <Unicode>motus non essent perpetui ꝓbat em~ Aristotiles primo celi quod nullum</Unicode>
                </TextEquiv>
            </TextLine>
            <TextLine id="r1l9" custom="readingOrder {index:8;}">
                <Coords points="814,2754 2035,2742 2244,2742 2453,2742 2662,2742 2871,2740 3080,2740 3289,2738 3498,2738 3707,2736 3916,2734 4125,2734 4334,2732 4543,2732 4752,2730 4961,2730 5170,2730 5379,2730 5588,2730 5797,2732 6006,2732 6006,2636 5797,2636 5588,2634 5379,2634 5170,2634 4961,2634 4752,2634 4543,2636 4334,2636 4125,2638 3916,2638 3707,2640 3498,2642 3289,2642 3080,2644 2871,2644 2662,2646 2453,2646 2244,2646 2035,2646 814,2658"/>
                <Baseline points="1826,2710 2035,2710 2244,2710 2453,2710 2662,2710 2871,2708 3080,2708 3289,2706 3498,2706 3707,2704 3916,2702 4125,2702 4334,2700 4543,2700 4752,2698 4961,2698 5170,2698 5379,2698 5588,2698 5797,2700 6006,2700"/>
                <TextEquiv>
                    <Unicode>violentum ꝑpetuum. Motus au~t celi ⁊ sperarum sunt ꝑpetui nunqua~ de</Unicode>
                </TextEquiv>
            </TextLine>
            <TextLine id="r1l10" custom="readingOrder {index:9;}">
                <Coords points="858,2970 1114,2966 1371,2964 1628,2962 1885,2960 2142,2958 2398,2958 2655,2958 2912,2956 3169,2956 3426,2956 3682,2956 3939,2954 4196,2954 4453,2952 4710,2950 4966,2946 5223,2943 5480,2938 5737,2934 5994,2926 5994,2830 5737,2838 5480,2842 5223,2847 4966,2850 4710,2854 4453,2856 4196,2858 3939,2858 3682,2860 3426,2860 3169,2860 2912,2860 2655,2862 2398,2862 2142,2862 1885,2864 1628,2866 1371,2868 1114,2870 858,2874"/>
                <Baseline points="858,2938 1114,2934 1371,2932 1628,2930 1885,2928 2142,2926 2398,2926 2655,2926 2912,2924 3169,2924 3426,2924 3682,2924 3939,2922 4196,2922 4453,2920 4710,2918 4966,2914 5223,2911 5480,2906 5737,2902 5994,2894"/>
                <TextEquiv>
                    <Unicode>ficientes scd'm Aristotilem vt ꝓbatur primo celi ⁊ octauo phisicoru~ Sed</Unicode>
                </TextEquiv>
            </TextLine>
            <TextLine id="line_1657618938212_479" custom="readingOrder {index:10;}">
                <Coords points="1152,3092 1254,3086 6020,3058 6020,3154 5353,3162 4241,3170 1152,3188"/>
                <Baseline points="1152,3156 1177,3155 1203,3153 1228,3152 1254,3150 1574,3152 1796,3150 2018,3150 2240,3148 2463,3146 2685,3146 2907,3144 3130,3142 3352,3142 3574,3140 3797,3140 4019,3138 4241,3138 4463,3136 4686,3134 4908,3132 5130,3130 5353,3130 5575,3126 5797,3124 6020,3122"/>
                <TextEquiv>
                    <Unicode>per motum raptus dʒ intelligi motus vniuersalis primi celi omnes enim</Unicode>
                </TextEquiv>
            </TextLine>
            <TextLine id="r1l13" custom="readingOrder {index:11;}">
                <Coords points="1118,3394 1359,3396 1601,3398 1843,3398 2085,3398 2327,3398 2569,3398 2811,3398 3053,3396 3295,3396 3537,3394 3778,3392 4020,3390 4262,3388 4504,3386 4746,3384 4988,3382 5230,3380 5472,3378 5714,3376 5956,3376 5956,3280 5714,3280 5472,3282 5230,3284 4988,3286 4746,3288 4504,3290 4262,3292 4020,3294 3778,3296 3537,3298 3295,3300 3053,3300 2811,3302 2569,3302 2327,3302 2085,3302 1843,3302 1601,3302 1359,3300 1118,3298"/>
                <Baseline points="1118,3362 1359,3364 1601,3366 1843,3366 2085,3366 2327,3366 2569,3366 2811,3366 3053,3364 3295,3364 3537,3362 3778,3360 4020,3358 4262,3356 4504,3354 4746,3352 4988,3350 5230,3348 5472,3346 5714,3344 5956,3344"/>
                <TextEquiv>
                    <Unicode>motores inferiores qui dicunt ab autore de causis anime nobiles ad com</Unicode>
                </TextEquiv>
            </TextLine>
            <TextLine id="line_1657618942868_483" custom="readingOrder {index:12;}">
                <Coords points="870,3518 5768,3496 5768,3592 5341,3598 4701,3604 4274,3608 4060,3610 3420,3614 2993,3616 2353,3618 1500,3618 1023,3616 870,3614"/>
                <Baseline points="870,3582 895,3582 921,3582 946,3582 972,3582 997,3583 1023,3584 1048,3584 1074,3582 1500,3586 1713,3586 1926,3586 2140,3586 2353,3586 2567,3584 2780,3584 2993,3584 3207,3582 3420,3582 3634,3580 3847,3578 4060,3578 4274,3576 4487,3574 4701,3572 4914,3570 5127,3568 5341,3566 5554,3562 5768,3560"/>
                <TextEquiv>
                    <Unicode>placentiam ⁊ in ratione amati ⁊ desiderati primi motoris qui mouet p'mu~</Unicode>
                </TextEquiv>
            </TextLine>
            <TextLine id="r1l16" custom="readingOrder {index:13;}">
                <Coords points="866,3838 1122,3840 1379,3842 1635,3842 1892,3844 2148,3843 2405,3842 2661,3842 2918,3840 3174,3838 3431,3836 3687,3833 3944,3830 4200,3828 4457,3824 4713,3822 4970,3818 5226,3816 5483,3812 5739,3809 5996,3806 5996,3710 5739,3713 5483,3716 5226,3720 4970,3722 4713,3726 4457,3728 4200,3732 3944,3734 3687,3737 3431,3740 3174,3742 2918,3744 2661,3746 2405,3746 2148,3747 1892,3748 1635,3746 1379,3746 1122,3744 866,3742"/>
                <Baseline points="866,3806 1122,3808 1379,3810 1635,3810 1892,3812 2148,3811 2405,3810 2661,3810 2918,3808 3174,3806 3431,3804 3687,3801 3944,3798 4200,3796 4457,3792 4713,3790 4970,3786 5226,3784 5483,3780 5739,3777 5996,3774"/>
                <TextEquiv>
                    <Unicode>mobile admittit quod eoꝝ orbes etiam mouentur quottidie ab orie~te in</Unicode>
                </TextEquiv>
            </TextLine>
            <TextLine id="r1l17" custom="readingOrder {index:14;}">
                <Coords points="1018,4052 1269,4056 1521,4058 1772,4060 2024,4060 2275,4060 2527,4060 2778,4059 3030,4058 3281,4055 3533,4052 3784,4050 4036,4046 4287,4044 4539,4040 4790,4036 5042,4034 5293,4031 5545,4028 5796,4026 6048,4024 6048,3928 5796,3930 5545,3932 5293,3935 5042,3938 4790,3940 4539,3944 4287,3948 4036,3950 3784,3954 3533,3956 3281,3959 3030,3962 2778,3963 2527,3964 2275,3964 2024,3964 1772,3964 1521,3962 1269,3960 1018,3956"/>
                <Baseline points="1018,4020 1269,4024 1521,4026 1772,4028 2024,4028 2275,4028 2527,4028 2778,4027 3030,4026 3281,4023 3533,4020 3784,4018 4036,4014 4287,4012 4539,4008 4790,4004 5042,4002 5293,3999 5545,3996 5796,3994 6048,3992"/>
                <TextEquiv>
                    <Unicode>occidentem iteru~ redeuntes in orientem in die naturali hoc est in vignti q~-</Unicode>
                </TextEquiv>
            </TextLine>
            <TextLine id="r1l18" custom="readingOrder {index:15;}">
                <Coords points="826,4288 1085,4290 1344,4292 1603,4292 1863,4292 2122,4292 2381,4290 2641,4288 2900,4284 3159,4282 3419,4278 3678,4274 3937,4270 4196,4266 4456,4262 4715,4258 4974,4253 5234,4250 5493,4246 5752,4242 6012,4238 6012,4142 5752,4146 5493,4150 5234,4154 4974,4157 4715,4162 4456,4166 4196,4170 3937,4174 3678,4178 3419,4182 3159,4186 2900,4188 2641,4192 2381,4194 2122,4196 1863,4196 1603,4196 1344,4196 1085,4194 826,4192"/>
                <Baseline points="826,4256 1085,4258 1344,4260 1603,4260 1863,4260 2122,4260 2381,4258 2641,4256 2900,4252 3159,4250 3419,4246 3678,4242 3937,4238 4196,4234 4456,4230 4715,4226 4974,4221 5234,4218 5493,4214 5752,4210 6012,4206"/>
                <TextEquiv>
                    <Unicode>tuor horis licet ꝓp'riis motibus quilibet motor inferior mouet suum mo</Unicode>
                </TextEquiv>
            </TextLine>
            <TextLine id="r1l19" custom="readingOrder {index:16;}">
                <Coords points="890,4514 1145,4514 1401,4514 1657,4514 1913,4512 2169,4510 2425,4508 2681,4505 2937,4502 3193,4498 3449,4495 3704,4492 3960,4488 4216,4484 4472,4480 4728,4476 4984,4472 5240,4469 5496,4466 5752,4462 6008,4460 6008,4364 5752,4366 5496,4370 5240,4373 4984,4376 4728,4380 4472,4384 4216,4388 3960,4392 3704,4396 3449,4399 3193,4402 2937,4406 2681,4409 2425,4412 2169,4414 1913,4416 1657,4418 1401,4418 1145,4418 890,4418"/>
                <Baseline points="890,4482 1145,4482 1401,4482 1657,4482 1913,4480 2169,4478 2425,4476 2681,4473 2937,4470 3193,4466 3449,4463 3704,4460 3960,4456 4216,4452 4472,4448 4728,4444 4984,4440 5240,4437 5496,4434 5752,4430 6008,4428"/>
                <TextEquiv>
                    <Unicode>bile ab occidente in orientem in diuersis temporu~ spaciis vt dictum est in </Unicode>
                </TextEquiv>
            </TextLine>
            <TextLine id="r1l20" custom="readingOrder {index:17;}">
                <Coords points="936,4744 1190,4740 1445,4736 1699,4732 1954,4728 2209,4726 2463,4724 2718,4722 2972,4719 3227,4716 3482,4714 3736,4712 3991,4708 4245,4704 4500,4700 4755,4696 5009,4690 5264,4684 5518,4677 5773,4668 6028,4660 6028,4564 5773,4572 5518,4581 5264,4588 5009,4594 4755,4600 4500,4604 4245,4608 3991,4612 3736,4616 3482,4618 3227,4620 2972,4623 2718,4626 2463,4628 2209,4630 1954,4632 1699,4636 1445,4640 1190,4644 936,4648"/>
                <Baseline points="936,4712 1190,4708 1445,4704 1699,4700 1954,4696 2209,4694 2463,4692 2718,4690 2972,4687 3227,4684 3482,4682 3736,4680 3991,4676 4245,4672 4500,4668 4755,4664 5009,4658 5264,4652 5518,4645 5773,4636 6028,4628"/>
                <TextEquiv>
                    <Unicode>prumo capitulo huius tractatuli. Subiungit etiam autor in textu Q⁊ cir-</Unicode>
                </TextEquiv>
            </TextLine>
            <TextLine id="line_1657618549309_433" custom="readingOrder {index:18;}">
                <Coords points="882,4866 1167,4864 1452,4862 1737,4860 2022,4858 2308,4856 2593,4854 2878,4850 3163,4846 3448,4842 3734,4838 4019,4834 4304,4828 4589,4823 4874,4816 5160,4809 5445,4801 5730,4792 6015,4784 6082,4781 6082,4877 6015,4880 5730,4888 5445,4897 5160,4905 4874,4912 4589,4919 4304,4924 4019,4930 3734,4934 3448,4938 3163,4942 2878,4946 2593,4950 2308,4952 2022,4954 1737,4956 1452,4958 1167,4960 882,4962"/>
                <Baseline points="882,4930 1167,4928 1452,4926 1737,4924 2022,4922 2308,4920 2593,4918 2878,4914 3163,4910 3448,4906 3734,4902 4019,4898 4304,4892 4589,4887 4874,4880 5160,4873 5445,4865 5730,4856 6015,4848 6082,4845"/>
                <TextEquiv>
                    <Unicode>culus solstitii estiualis hebet duo nomina. Primo dicitur circulus solsti-</Unicode>
                </TextEquiv>
            </TextLine>
            <TextLine id="line_1657618553451_438" custom="readingOrder {index:19;}">
                <Coords points="1364,5084 1620,5080 1876,5077 2133,5074 2389,5071 2646,5068 2902,5066 3158,5062 3415,5059 3671,5056 3928,5052 4184,5048 4440,5046 4697,5040 4953,5036 5209,5031 5466,5025 5722,5019 5979,5012 6119,5007 6119,5103 5979,5108 5722,5115 5466,5121 5209,5127 4953,5132 4697,5136 4440,5142 4184,5144 3928,5148 3671,5152 3415,5155 3158,5158 2902,5162 2646,5164 2389,5167 2133,5170 1876,5173 1620,5176 1364,5180"/>
                <Baseline points="1364,5148 1620,5144 1876,5141 2133,5138 2389,5135 2646,5132 2902,5130 3158,5126 3415,5123 3671,5120 3928,5116 4184,5112 4440,5110 4697,5104 4953,5100 5209,5095 5466,5089 5722,5083 5979,5076 6119,5071"/>
                <TextEquiv>
                    <Unicode>tii estiualis non quod sol staret ⁊ cessaret a motu sed quia sol altius tunc</Unicode>
                </TextEquiv>
            </TextLine>
            <TextLine id="r1l23" custom="readingOrder {index:20;}">
                <Coords points="894,5406 1154,5402 1414,5398 1674,5394 1935,5390 2195,5388 2455,5384 2716,5382 2976,5378 3236,5376 3497,5372 3757,5368 4017,5364 4277,5360 4538,5354 4798,5348 5058,5342 5319,5332 5579,5324 5839,5314 6100,5302 6100,5206 5839,5218 5579,5228 5319,5236 5058,5246 4798,5252 4538,5258 4277,5264 4017,5268 3757,5272 3497,5276 3236,5280 2976,5282 2716,5286 2455,5288 2195,5292 1935,5294 1674,5298 1414,5302 1154,5306 894,5310"/>
                <Baseline points="894,5374 1154,5370 1414,5366 1674,5362 1935,5358 2195,5356 2455,5352 2716,5350 2976,5346 3236,5344 3497,5340 3757,5336 4017,5332 4277,5328 4538,5322 4798,5316 5058,5310 5319,5300 5579,5292 5839,5282 6100,5270"/>
                <TextEquiv>
                    <Unicode>non ascendit. Scd'o ille circulus dicitur tropicus estiualis quia cum sol is-</Unicode>
                </TextEquiv>
            </TextLine>
            <TextLine id="r1l24" custom="readingOrder {index:21;}">
                <Coords points="930,5630 1191,5623 1453,5618 1715,5614 1977,5611 2239,5608 2501,5606 2763,5604 3025,5602 3287,5598 3549,5596 3810,5592 4072,5588 4334,5583 4596,5576 4858,5568 5120,5561 5382,5549 5644,5538 5906,5524 6168,5506 6168,5410 5906,5428 5644,5442 5382,5453 5120,5465 4858,5472 4596,5480 4334,5487 4072,5492 3810,5496 3549,5500 3287,5502 3025,5506 2763,5508 2501,5510 2239,5512 1977,5515 1715,5518 1453,5522 1191,5527 930,5534"/>
                <Baseline points="930,5598 1191,5591 1453,5586 1715,5582 1977,5579 2239,5576 2501,5574 2763,5572 3025,5570 3287,5566 3549,5564 3810,5560 4072,5556 4334,5551 4596,5544 4858,5536 5120,5529 5382,5517 5644,5506 5906,5492 6168,5474"/>
                <TextEquiv>
                    <Unicode>tum circulum describit iam reuerti incipit ad hemisperium inferius rece-</Unicode>
                </TextEquiv>
            </TextLine>
            <TextLine id="r1l25" custom="readingOrder {index:22;}">
                <Coords points="1000,5836 1253,5836 1506,5836 1759,5834 2012,5832 2265,5830 2518,5828 2771,5826 3024,5822 3277,5818 3530,5814 3783,5810 4036,5804 4289,5800 4542,5794 4795,5787 5048,5781 5301,5774 5554,5766 5807,5758 6060,5750 6060,5654 5807,5662 5554,5670 5301,5678 5048,5685 4795,5691 4542,5698 4289,5704 4036,5708 3783,5714 3530,5718 3277,5722 3024,5726 2771,5730 2518,5732 2265,5734 2012,5736 1759,5738 1506,5740 1253,5740 1000,5740"/>
                <Baseline points="1000,5804 1253,5804 1506,5804 1759,5802 2012,5800 2265,5798 2518,5796 2771,5794 3024,5790 3277,5786 3530,5782 3783,5778 4036,5772 4289,5768 4542,5762 4795,5755 5048,5749 5301,5742 5554,5734 5807,5726 6060,5718"/>
                <TextEquiv>
                    <Unicode>dendo a nobis ⁊ tendit versus meridiem sic em~ disposuit deus gloriosus</Unicode>
                </TextEquiv>
            </TextLine>
            <TextLine id="r1l26" custom="readingOrder {index:23;}">
                <Coords points="988,6060 1219,6060 1450,6060 1681,6058 1912,6056 2143,6055 2374,6052 2605,6050 2836,6048 3067,6044 3299,6040 3530,6037 3761,6032 3992,6028 4223,6024 4454,6018 4685,6014 4916,6010 5147,6004 5378,5998 5610,5992 5610,5896 5378,5902 5147,5908 4916,5914 4685,5918 4454,5922 4223,5928 3992,5932 3761,5936 3530,5941 3299,5944 3067,5948 2836,5952 2605,5954 2374,5956 2143,5959 1912,5960 1681,5962 1450,5964 1219,5964 988,5964"/>
                <Baseline points="988,6028 1219,6028 1450,6028 1681,6026 1912,6024 2143,6023 2374,6020 2605,6018 2836,6016 3067,6012 3299,6008 3530,6005 3761,6000 3992,5996 4223,5992 4454,5986 4685,5982 4916,5978 5147,5972 5378,5966 5610,5960"/>
                <TextEquiv>
                    <Unicode>vnde ⁊ tropicus dicitur a tropos grece quod latine conuersio.</Unicode>
                </TextEquiv>
            </TextLine>
            <TextLine id="r1l28" custom="readingOrder {index:24;}">
                <Coords points="1256,6482 1498,6480 1740,6478 1982,6476 2225,6474 2467,6470 2709,6467 2952,6462 3194,6458 3436,6454 3679,6449 3921,6444 4163,6438 4405,6434 4648,6428 4890,6422 5132,6416 5375,6412 5617,6406 5859,6402 6102,6396 6102,6306 5859,6312 5617,6316 5375,6322 5132,6326 4890,6332 4648,6338 4405,6344 4163,6348 3921,6354 3679,6359 3436,6364 3194,6368 2952,6372 2709,6377 2467,6380 2225,6384 1982,6386 1740,6388 1498,6390 1256,6392"/>
                <Baseline points="1256,6452 1498,6450 1740,6448 1982,6446 2225,6444 2467,6440 2709,6437 2952,6432 3194,6428 3436,6424 3679,6419 3921,6414 4163,6408 4405,6404 4648,6398 4890,6392 5132,6386 5375,6382 5617,6376 5859,6372 6102,6366"/>
                <TextEquiv>
                    <Unicode>¶ Sol iteꝝ existens in primo puncto capricorni siue</Unicode>
                </TextEquiv>
            </TextLine>
            <TextLine id="line_1657618562562_450" custom="readingOrder {index:25;}">
                <Coords points="948,6811 1233,6807 1518,6803 1803,6799 2088,6795 2373,6791 2658,6787 2943,6783 3228,6779 3513,6773 3799,6769 4084,6763 4369,6757 4654,6749 4939,6743 5224,6734 5509,6725 5794,6715 6079,6705 6136,6702 6136,6778 6079,6781 5794,6791 5509,6801 5224,6810 4939,6819 4654,6825 4369,6833 4084,6839 3799,6845 3513,6849 3228,6855 2943,6859 2658,6863 2373,6867 2088,6871 1803,6875 1518,6879 1233,6883 948,6887"/>
                <Baseline points="948,6862 1233,6858 1518,6854 1803,6850 2088,6846 2373,6842 2658,6838 2943,6834 3228,6830 3513,6824 3799,6820 4084,6814 4369,6808 4654,6800 4939,6794 5224,6785 5509,6776 5794,6766 6079,6756 6136,6753"/>
                <TextEquiv>
                    <Unicode>solstitij hijemalis raptu firmamenti descirbit q~nda~</Unicode>
                </TextEquiv>
            </TextLine>
            <TextLine id="r1l34" custom="readingOrder {index:26;}">
                <Coords points="942,7296 1197,7294 1453,7292 1708,7288 1964,7285 2220,7280 2475,7276 2731,7272 2986,7266 3242,7262 3498,7256 3753,7250 4009,7244 4264,7239 4520,7232 4776,7226 5031,7220 5287,7214 5542,7208 5798,7201 6054,7194 6054,7098 5798,7105 5542,7112 5287,7118 5031,7124 4776,7130 4520,7136 4264,7143 4009,7148 3753,7154 3498,7160 3242,7166 2986,7170 2731,7176 2475,7180 2220,7184 1964,7189 1708,7192 1453,7196 1197,7198 942,7200"/>
                <Baseline points="942,7264 1197,7262 1453,7260 1708,7256 1964,7253 2220,7248 2475,7244 2731,7240 2986,7234 3242,7230 3498,7224 3753,7218 4009,7212 4264,7207 4520,7200 4776,7194 5031,7188 5287,7182 5542,7176 5798,7169 6054,7162"/>
                <TextEquiv>
                    <Unicode>circulum qui vltimo describitur a sole ex parte poli</Unicode>
                </TextEquiv>
            </TextLine>
            <TextLine id="r1l36" custom="readingOrder {index:27;}">
                <Coords points="994,7696 1248,7694 1503,7692 1758,7690 2013,7686 2268,7682 2523,7677 2778,7672 3033,7666 3288,7660 3543,7653 3797,7648 4052,7640 4307,7633 4562,7626 4817,7620 5072,7612 5327,7606 5582,7600 5837,7594 6092,7588 6092,7492 5837,7498 5582,7504 5327,7510 5072,7516 4817,7524 4562,7530 4307,7537 4052,7544 3797,7552 3543,7557 3288,7564 3033,7570 2778,7576 2523,7581 2268,7586 2013,7590 1758,7594 1503,7596 1248,7598 994,7600"/>
                <Baseline points="994,7664 1248,7662 1503,7660 1758,7658 2013,7654 2268,7650 2523,7645 2778,7640 3033,7634 3288,7628 3543,7621 3797,7616 4052,7608 4307,7601 4562,7594 4817,7588 5072,7580 5327,7574 5582,7568 5837,7562 6092,7556"/>
                <TextEquiv>
                    <Unicode>antartici. Unde appellatur circulꝰ solstitij hyema</Unicode>
                </TextEquiv>
            </TextLine>
            <TextLine id="line_1657618569172_458" custom="readingOrder {index:28;}">
                <Coords points="994,7990 2288,7964 6058,7896 6058,7992 5702,8002 4456,8036 3922,8050 2676,8078 2498,8080 1770,8084 1058,8086 994,8086"/>
                <Baseline points="994,8054 1058,8054 1123,8052 1188,8051 1252,8050 1317,8050 1382,8050 1446,8051 1511,8052 1576,8052 1641,8052 1705,8052 1770,8052 1835,8050 1899,8050 1964,8048 2029,8046 2093,8042 2158,8039 2223,8034 2288,8028 2498,8048 2676,8046 2854,8042 3032,8038 3210,8034 3388,8030 3566,8026 3744,8022 3922,8018 4100,8013 4278,8008 4456,8004 4634,7999 4812,7994 4990,7989 5168,7984 5346,7979 5524,7974 5702,7970 5880,7964 6058,7960"/>
                <TextEquiv>
                    <Unicode>lis siue tropicꝰ hyemalis quia tunc Ↄuertit^ ad nos</Unicode>
                </TextEquiv>
            </TextLine>
            <TextEquiv>
                <Unicode>tuor circulis minoribus qui diuidunt speram in partes inequales. Et pri&#13;
mo determinat de circulo solstitij estiualis ⁊ dicit vt patet in textu.&#13;
Notandum pro Intellectu textus Q⁊ autor in textu&#13;
dicit Q⁊ sol motu raptu firmamenti vel primi mobilis describit circulum&#13;
solstitij estiualis. Sciendum quod motus solis non dicitur ꝓprie moueri&#13;
motu raptys firmamenti. Ratio quia vbi est raptus ibi est violentia. Sʒ&#13;
in motibus celorum ⁊ sperarum celestium no~ est violentia quia alias ibi&#13;
motus non essent perpetui ꝓbat em~ Aristotiles primo celi quod nullum&#13;
violentum ꝑpetuum. Motus au~t celi ⁊ sperarum sunt ꝑpetui nunqua~ de&#13;
ficientes scd'm Aristotilem vt ꝓbatur primo celi ⁊ octauo phisicoru~ Sed&#13;
per motum raptus dʒ intelligi motus vniuersalis primi celi omnes enim&#13;
motores inferiores qui dicunt ab autore de causis anime nobiles ad com&#13;
placentiam ⁊ in ratione amati ⁊ desiderati primi motoris qui mouet p'mu~&#13;
mobile admittit quod eoꝝ orbes etiam mouentur quottidie ab orie~te in&#13;
occidentem iteru~ redeuntes in orientem in die naturali hoc est in vignti q~-&#13;
tuor horis licet ꝓp'riis motibus quilibet motor inferior mouet suum mo&#13;
bile ab occidente in orientem in diuersis temporu~ spaciis vt dictum est in &#13;
prumo capitulo huius tractatuli. Subiungit etiam autor in textu Q⁊ cir-&#13;
culus solstitii estiualis hebet duo nomina. Primo dicitur circulus solsti-&#13;
tii estiualis non quod sol staret ⁊ cessaret a motu sed quia sol altius tunc&#13;
non ascendit. Scd'o ille circulus dicitur tropicus estiualis quia cum sol is-&#13;
tum circulum describit iam reuerti incipit ad hemisperium inferius rece-&#13;
dendo a nobis ⁊ tendit versus meridiem sic em~ disposuit deus gloriosus&#13;
vnde ⁊ tropicus dicitur a tropos grece quod latine conuersio.&#13;
¶ Sol iteꝝ existens in primo puncto capricorni siue&#13;
solstitij hijemalis raptu firmamenti descirbit q~nda~&#13;
circulum qui vltimo describitur a sole ex parte poli&#13;
antartici. Unde appellatur circulꝰ solstitij hyema&#13;
lis siue tropicꝰ hyemalis quia tunc Ↄuertit^ ad nos</Unicode>
            </TextEquiv>
        </TextRegion>
    </Page>
</PcGts>
