2597 3500
783 361 2393 512 Pacta et federa inter Regna Polonie et Bohemie facta
561 423 2221 609 Nos Johannes de Thanczin Castellanus Cracoviensis Stanislaus de
657 584 2211 670 Ostrorog palatinus Calisiensis Johannes de Brzesze juris utriusque doctor
663 643 2213 730 Archidiaconus Gneznensis Regni Polonie vicecancelarius Nicolaus Pyenanzek de Vitho
678 695 2221 780 vicze Succamerarius et Capitaneus et Johannes Dlugosch Cancellarius
653 738 2207 834 Cracoviensis Nuncii et ambasiatores Serenissimi Principis domini
680 791 2228 881 Kazimiri Dei gracia Regis Polonie Magni ducis Lithvanie Russie
670 847 2230 945 Prussieque domini et heredis Significamus tenore presencium quibus expe
690 896 2237 988 dit universis qualiter pro festo Sancte Katherine et diebus sequen
694 945 2169 1024 tibus tenendo dietam in presenti Opido Bithomiensi cum nunciis
687 997 2160 1094 Serenissimi principis domini Georgii Dei gracia Regis Bohemie
695 1059 2235 1140 Marchionis Moravie et Slesie et Comitis de Luczeniborg videlicet
682 1105 2268 1190 Magnificis et Nobilibus dominis Sdenkone de Sternberg Suppremo
684 1151 2262 1243 Burgrabio Pragensi Vilhelmo Juniore de Risemburg et de Ra
691 1205 2180 1292 bie et Johanne Gyczynsky de Czimburg ad infrascriptos
681 1266 2246 1340 articulos devenimus et ipsos concordavimus plena auctoritate et man
672 1313 2202 1395 dato ab utroque Serenissimo domino Rege suffulti in hunc
693 1352 2197 1444 modum In primis quod Serenissimus dominus noster Polonie Rex
691 1401 2284 1496 cum prefato Serenissimo domino Rege Bohemie in pura fraternitate
694 1464 2185 1547 favore et amicicia ab utraque parte remaneant et se mutuo
670 1510 2205 1609 pertractent nec unus contra alium cum Regnis principatibus
691 1567 2201 1655 Terris et dominiis suis ullo unquam tempore erga quascunque
676 1601 2272 1722 personas Ecclesiasticas vel mundanas solo Summo pontifice excepto debebit
707 1669 2202 1769 esse auxilio Consilio per se vel per alium publice vel oculte
710 1706 2322 1815 et utraque Regum tenebitur alterius et Regnorum principatum et Terrarum
700 1775 2209 1876 surarum boniā et honestum procurare juxta suum posse Suppremum
687 1826 2310 1924 et juxta suam omnimodam potestatem fideliter et sine dolo Item tenebitur
686 1877 2247 1982 Serenissimus dominus Rex Polonie providere et efficere ne de Regno Polonie
686 1921 2432 2042 principatibus et quibuscunque dominiis suis sibi et Regno suo subjectis inferam
688 1987 2294 2093 Dampna quecun Regno Bohemie Similiter et dominus Rex Bohe
697 2049 2265 2144 mie tenebitur efficere et providere ne de Regno suo Bohemie Mar
697 2092 2222 2193 chionatu Moravie Ducatibus Slesie et quibuscunque dominiis
687 2147 2279 2252 Regno suo Subjectis Dampna quecunque Regno Polonie et Terris
703 2221 2274 2313 sibi subjectis et habitatoribus eorundem inserantur quod si ex aliquo
699 2281 2340 2369 Regno aliqua dampna contingerent sive inter Reges sive inter eorum
698 2317 2258 2428 subditis Ecclesiasticos vel seculares quod Deus auserat extunc Rex
703 2383 2288 2474 Ex cujus Regno et Terris hujusmodi contingent et sequentur dampna
702 2440 2256 2535 tenebitur effectualiter opam dare et quoslibet inobedientes mulctare
696 2501 2223 2599 et punire et ad illos cogere ut impendatur lesis et dampnum
686 2557 2218 2670 passis satisfaccione sine dolo et fraude et sine dilacione Item si
690 2616 2180 2730 contingent quod aliquis ex Regno Polonie haberet aliquam
692 2669 2223 2777 culpam et Iniuriam ad aliquas personas in Regno Bohe
682 2730 2242 2831 mie Principatibus et Terris in eisdem habitantes talis tenebitur
687 2798 2264 2893 causam suam jure prosequi et eum quem asserit reum in jurisdicione
687 2869 2211 2949 et jure ubi residet convenire Cui debet justicia ministrari
685 2918 2257 3014 sine dilacione pari quoque modo in Regno Bohemie debet ministrari
687 2980 2323 3080 justicia subditis Regis et Regni Polonie Item debet proclamari
