2625 3500
211 476 1751 567 in utroque Regno ut strate sint pacifice et secure et ut homines
199 533 1763 614 utriusque Regni possint justis stratis secure ire solutis Theloneis
209 584 1786 671 et aliis daciis solitis et consvetis Item moneta ubicumque in Regnis
196 633 1795 713 utriusque falsa cudentur tenebuntur Reges quilibet in Regno et Terris
197 680 1778 767 suis operum dare et efficere ut nec cudatur falsa moneta nec impor
210 730 1769 810 tetur sine dolo Item super reliquis causis et articulis videlicet dampnis
209 777 1772 867 quibuscunque que inter Regna Terras et dominia eisdem subjecta conti
191 811 1733 916 gerunt sive Regno Polonie ex Regno Bohemie et Terris eidem
209 866 1810 975 subjectis Sive Regno Bohemie ex Regno Bohemie Polonie et
188 910 1757 1000 Terris eidem subjectis Regibus personaliter convenientibus debet fieri
169 960 1756 1064 provisio et tale dari ab utraque parte consilium ut inter principes
217 1019 1739 1108 Baronis milites Civitates et quoscunque Subditos eorumdem
191 1069 1754 1177 quod justum est subsequatur Convencō autem utriusque Regis tam
193 1114 1767 1244 Polonie quam Bohemie conclusa est debet fieri in Majori Glo
197 1159 1772 1286 govia a proximo die Circumcisionis domini in altero Circumcisionis
202 1212 1765 1317 die anno revoluto Eo signanter expresso quod futura Convencione
185 1260 1757 1378 Regum si tam celebrari Glogoviensi expedita ex quocunque necessitate
214 1322 1811 1431 contigerit debet eciam celebrari in Civitate apta in Regno Polonie
230 1371 1780 1494 Quod si aliquis ex Regibus ad predictam dietam Glogoviensem pro
213 1424 1810 1535 die Circumcisionis Domini post annum revolutum sine dolo venire non posset
222 1481 1743 1575 tenebitur alterum duobus incursibus ante de suo impedimento avisare
218 1534 1809 1643 Et Nichilominus ex post tenebuntur in eodem Opido Glogoviensi ambo
215 1574 1813 1700 Reges pro die Sanctorum Philipi et Jacobi personaliter convenire Item
195 1642 1812 1779 pro omnibus Castris et fortaliciis pro quibus dominus Rex Bohemie
230 1689 1880 1823 domini Regem Polonie inculpaverit super hiis agatur justicia domino
201 1748 1839 1869 Regi et Regno Bohemie In primo Regum personali Conventu
205 1806 1901 1923 juxta antiquas inscripciones quod si Rex Polonie habuerit aliquam
219 1862 1817 1978 justiciam ad Castra et fortalicia predicta istud debet in eodem
216 1912 1787 2051 primo Regum Conventu circumspici et juxta justiciam faviri Item
210 1971 1852 2095 Omnes inscripciones antique juste et littere inter Reges et Regna
209 2027 1905 2147 Polonie et Bohemie debent innovari confirmari et teneri hoc excepto
233 2075 1762 2210 quod si in prefatis inscripcionibus continentur aliquis articulus qui
231 2129 1797 2246 Mazovie duces contingeret illud non tenebitur dominus Rex Polonie
242 2181 1779 2296 confirmare Item super dote alias opossak in Polonico et in
229 2234 1847 2347 Bohemico Ovyano Serenissime princpis domine Elizabeth Regine
236 2287 1795 2426 Polonie super quo in presenti dicta concordare non potuimus decisio
244 2350 1779 2494 suspensa est ad personalem Regum Conventum ubi dante
230 2395 1869 2535 domino finis hinc rei justus et bonus juxta justiciam imponetur
205 2462 1885 2590 In cujus rei testimonium sigilla nostra presentibus sunt subappensa Datum
216 2536 1808 2647 in Bithom sabbato in vigilia Sancti Andree Apostoli Anno
232 2582 1470 2697 Domini millesimo quadringentesimo sexagesimo
