1809 2549
416 276 1685 326 verbi sub disiunctione ad presens. Ex ista regula infero corollarie suppo
432 362 1676 430 posito ꝙ Ioannes primo sit sciens. ita ꝙ nunq~ʒ ante ea fuit sciens. licet
414 443 1680 512 anre ea fuerit Ioh'. hec est vera sciens fuit Ioannes. probatur quia sciens
412 549 1668 592 qd' est subiectum appellat scientiam adiacere Ioanni pro tempore prete-
427 633 1676 693 rito sub disiuncione ad presens. ideo sensus est. qd' in tempore presenti
430 726 1686 783 habet scientiam. vel in preterito habuit scientiam fuit Ioh'. modo pro-
430 814 1684 876 positum patet. ꝙ illud qd' in tempore presenti habet scientiam fuit Ioan
425 908 1684 963 nes igitur hec est vera. sciens fuit Ioannes. Tenet consequentia. antece-
427 1007 1684 1060 dens de omnibus suis partibus patet. pro prima parte em~ manifestum
422 1096 1683 1145 est per casum. et de. Sed alia pars puta ꝙ lij sciens appellat scientiam
421 1180 1686 1242 adiacere Ioanni pro tempore verbi sub disiuncione ad presens. patet ꝑ
419 1287 1681 1344 regulam positam. Scd'o ex hoc infero. ꝙ hec consequentia no~ valet scie~s
421 1372 1682 1426 fuit Ioh'. ergo Ioannes fuit sciens. nam antecede~s in casu posito potest
409 1461 1685 1526 esse verum. vt iam est probatum. et tamen consequens in eodem casu est
418 1551 1683 1615 falsum. probatur. quia lij sciens ponitur a parte predicati respectu verbi
416 1641 1715 1702 preteriti temporis ipsum appellat scientiam adiacere Ioanni. ideo ꝙ Io
420 1729 1675 1789 annes in tꝑe preterito habuit scientiam. cum illud idem predicatum ap
413 1822 1678 1883 pellat suam formam pro tempore preterito. modo hoc no~ est verum in
422 1926 1675 1982 isto casu. Et sic est falsa illa Ioannes fuit sciens. quare patet ꝙ Corolla-
414 2022 1676 2074 rium est verum .s. ꝙ consequentia no~ valet sciens fuit Ioh'. go. Io. fuit scie~s
404 2116 1672 2176 Et causa est quare non valet. quia in casu predicto antecedens est verum
