1771 2557
98 267 1366 305 nam talis terminus supponit pro suis significatis que erunt ergo non
94 360 1357 397 ampliari. consequentia tenet. ꝑ diffinitionem ampliationis. et antecedens
95 454 1368 490 potest declarari eodem modo sicut declaratum fuit in notabili prime re-
92 538 1351 575 gule. vbi dicebatur ꝙ terminus a parte predicati captus respectu verbi
92 632 1375 668 preteriti tꝑis solum supponit ꝓ hijs que fuerunt. Quarta regula. termi-
97 731 1360 772 nus captus respectu participij p~teriti temporis ampliat^ ad suppone~du~
94 823 1355 860 pro suis s'catis que sunt vel fuerunt. et ꝓpter hoc in illa homo e~ genitus.
89 913 1353 953 lij homo ampliatur aliud pro suis significatis que sunt vel fuerunt. ⁊ ideo
98 1005 1355 1041 sensus eius est qd' e~ vel fuit homo e~ genitum. Et ex hac regula infero Co-
101 1092 1354 1131 rollarie. ꝙ hec e~ vera. homo e~ mortuus. probat^ quia lij mortuus e~ parti-
87 1182 1362 1223 cipium preteriti temporis ideo ampliat hunc terminum homo ad sup-
90 1276 1358 1312 ponendum pro suis significatis que sunt vel fueru~t. Ideo iuxta regulam
93 1372 1357 1411 positam sensus e~. qd' e~ vel fuit homo e~ mortuus. quia aliqd' tale fuit viuu~.
102 1458 1358 1498 et modo no est puta Adam vel homo qui vltra annum est mortuus.
99 1544 1362 1591 Quinta regula. terminus captus respectu participij futuri temporis am
92 1630 1339 1688 pliatur ad supponendum pro suis significatis que sunt vel fuerunt. ideo
94 1726 1354 1781 in illa homo e~ generandus lij homo supponit ꝓ suis s'catis que sunt vł
102 1828 1366 1874 erunt. Et ideo sensus est eius qd' e~ vel erit homo est generandus. Ex hoc
95 1920 1358 1962 infero ꝙ hec est vera i~mo concedenda. meretrix e~ furura virgo. probatur
103 2001 1357 2052 ipsa est simpliciter vera ergo concedenda. consequentia tenet. antecedens
91 2117 1369 2158 probatur. Nam lij futura est participium futuri temporis ideo ampliat
