1863 2506
337 311 1505 366 ¶ De valore et utilitate missarum pro defunctis ce-
320 383 1514 421 lebratarum per sacre theologie professorem Iacobum
329 443 974 489 ordinis carthusiensis edita.
809 566 1509 587 Ilia cuiusdam laici nuper defun
794 613 1489 662 cta in vita disposuit sibi redimi
791 683 1482 715 quingentas missas speciales sa-
808 746 1486 768 tisfactorias sub ista restrictione
815 813 1489 838 qua videlicet nulla anima sibi iun-
808 859 1472 894 geretur sub equa satisfactione.
829 918 1489 957 Cuius pater vivit ad unum con
801 975 1493 1013 ventum de observantia mendi-
320 1020 1475 1073 cantium: et proposuit eis voluntatem filie sue et beneficium
324 1087 1493 1140 relictum qui rennuerunt suscipere talem restrictionem
334 1154 1465 1196 sem bene vellent tor missas legere et intendere pro illa
327 1199 1472 1255 anima secundum voluntatem dei pro illo offertorio. Sed cum
341 1273 1486 1308 hoc eciam vellent orare pro quibus ipsi vellent et de
313 1326 1482 1368 berent: quod laico non placuit. Alia consimilia mona-
331 1382 1472 1417 steria adiit. in quibus sue intentioni satisfieri debere
313 1424 1486 1484 promissum est. sub predicta restrictione. verum adiecit
331 1491 1503 1540 ipse laicus que si anima filie non esset in purgatorio que
313 1557 1489 1606 huiusmodi suffragia credere deberent ceteris de sua co
331 1624 878 1663 gnatione ibi afflictis etcetera.
1342 1684 1454 1726 A ii
