1863 2506
576 349 1609 381 de sapientia Prover. iii. Preciosior est cunctis opibus et omnia
587 401 1626 450 que considerantur huic non valent comparari. Secundo et illud
583 468 1626 503 potest esse debita venditionis materia cuius vendicior est dominus
594 513 1616 562 clericus autem non est dominus rerum spiritualium sed ministrator ut
580 590 1616 628 dicitur. in. cor. iiii. Tercio et venditio repugnat origini
580 642 1612 702 spiritualium que ex gratuita dei voluntate proveniunt. Unde dominus
576 712 1609 747 math. i. dicit. Gratis accepistis gratis date Patet ve
576 757 1609 806 ritas responsionis ad questionem ex illo et sicut propter pe-
569 813 1609 869 cuniam celebrans pecuniam preponit spirituali scilicet celebra
583 886 1619 935 tioni Semper enim deterius est gratia melioris. ut dicit
583 942 1612 988 aresto. in polli. Eciam magis diligit pecuniam quam deum
583 988 1623 1040 et spiritualia. ut patet primo posteriorum Propter
576 1043 1623 1103 unumquodque tale et ipsum magis tale ex quo autem
576 1106 1619 1172 diligit corpus cristi tractare propter pecuniam con
569 1172 1619 1221 sequens est pecuniam magis diligat. Patet ergo veri
580 1221 1616 1281 tas responsionis ad questionem et falsitas eiusdem. Ad
576 1302 1616 1340 rationes autem in oppositum dicit sanctus Tho. ubi super Ac
576 1357 1612 1399 cipere pecuniam pro spirituali gracia sacramentorum est cri-
566 1413 1612 1452 men simonie que nulla consuetudine potest excusari. quia
576 1455 1612 1518 consuetudo non preiudicat iuri naturali. vel mora
569 1518 1612 1570 li. Ad secundum dicit. s. Tho. ibidem Accipere aliquid vel
569 1570 1609 1640 aliqua ad sustentationem eorum qui sacramenta ministrat
569 1640 1599 1682 vel missas celebrant secundum ordinationem ecclesie et con-
555 1699 1602 1748 suetudines approbatas non est simonia nec peccatum. Non
559 1752 1612 1814 enim accipitur tanquam precium mercedis sed tamquam stipendium
562 1818 1612 1863 necessitatis. Unde super illud primo ad thimo. v. qui
590 1867 1599 1937 bene presunt presbiteri dicit glo. augu. accipiet necessi
562 1937 1602 1978 tatem sustentationis a populo mercedem dispensationis
562 1978 1595 2041 a domina Caveat ergo quisque presbiter ne pecunia sit finis
