1863 2506
294 340 1419 369 quam res conservari potest per propria connaturalia principia vel
301 379 1419 440 in loco suo naturali. unum dixit poeta ¶ In ipso vivimus
294 447 1426 500 movemur et sumus. in ipso qui est entium vita viventium et
298 500 1426 568 principium finale omnium. a quo dependet celum et terra et to
298 568 1419 614 ta natura. Ab hoc ente derivatum est omnibus esse et vive
283 614 1419 675 re ac intelligere his clarius vero obscurius primo
280 686 1415 714 celi Ab hoc agente primo dependit omne agens secundum
291 725 1412 785 in virtute agens sibi a primo accommodata immo nul-
294 799 1419 849 la creatura subsisteret nisi causa que dedit esse influeret
280 849 1419 896 quare primo conventi omnis causalitas activa. et sic est
283 903 1412 963 prima causa primum efficiens. summa forma ultimus fi-
305 967 1412 1020 nis. alpha et o primus et novissimus. Deinde patet ul
305 1020 1401 1081 timum illius propositionis quomodo hoc opus perfectum sit in ho
287 1081 1401 1145 mine consummatum. et homo est finalis et ultima creatura in
287 1145 1433 1195 qua creator suam expressit imaginem et similitudinem in
280 1195 1433 1269 qua omnis creata perfectio in unum colligitur. ut sit
301 1262 1419 1308 quasi rerum creatarum brevis epilogus ideo dici mus
248 1308 1415 1383 minor mundus. quare eciam dicitur a salvatore omnis
287 1376 1401 1426 creatura. non universaliter distributive sed finaliter
255 1426 1401 1490 collective. Exemplat eciam in se divine motionis presi
276 1494 1419 1543 dentia sicut enim est primus maior motu primi mobilis
283 1543 1419 1607 totam movens naturam corporalem cuius motus est vi-
283 1607 1419 1672 ta quedam omnibus deorsum subsistentibus. sic anima hominis
273 1672 1419 1736 movet totum corpus motu vitali cordis Itaque secundum
287 1725 1412 1785 legitimum ordinem originalis iusticie corpus suberat ani
283 1785 1412 1860 me. anima spiritui. spiritus deo. Tenetur ob id homo se
283 1853 1398 1910 cundum spiritum deum colere et deo. pre omnibus crea-
276 1910 1398 1946 turis graciarum actiones referre. in quo ne dum o-
276 1960 1419 2010 pus nature sed et gratie consummatum est quod est supra
1280 2035 1458 2095 E iiii
