1863 2506
579 344 1630 382 Pro quolibet satisfit per modum iusticie commutative se-
597 406 1645 447 cundum omnis doctores quarto sententiarum Sic igitur penes non
597 459 1621 509 potuit licite perscribere auctoritate divina quo ad suam
597 524 1657 571 largitatem nec decretis ecclesie nec orationibus associatis per
585 577 1648 624 celebrantem pro aliis. sic nec celebrans potuit ad obliga
591 641 1660 683 ri per petentem. Videtur igitur que petens minus racio-
591 703 1657 739 nabiliter petivit. cum aliorum preiudicio quibus nec ipse
600 759 1651 794 nec celebrans legem ponere potuit. Ulterius videtur que pri
594 806 1648 859 mi religiosi caute fecerunt. nolentes se submittere huic
600 883 1645 909 obligationi sed tamen hoc fuit intentio petentis. Alii vero
579 936 1648 980 religiosi et elemosinam recipientes possent eciam excusari
597 995 1636 1024 Non secundum intentionem postulantis obliquam. sed secundum
597 1048 1636 1098 quam habere debuit rectam suam intentionem dirigentes. In
597 1121 1663 1148 quibusdam religionibus servatur ritus ubi plura trice
582 1165 1651 1204 naria simul concurrunt in una missa. Sed hoc nisi fit
585 1221 1645 1268 in fraudem. sed sponte et scienter et sine oligatione alicuius
588 1277 1633 1330 sicut de universaria simile concurrentibuset⁊ associatis. Se
603 1339 1639 1383 cus esset cum policitatione ac promissione accepta elimosi
597 1398 1642 1448 na in respectu satisfactionis pro penis debitis solvendis. et
603 1460 1645 1501 tunc iudicarem illicitum sicut predictum est etc. Quo ad tercium
600 1516 1645 1563 scilicet sacrificium seu oblationem factam sciendum que omne agens
597 1589 1666 1622 naturale agit secundum ultimum suum posse. Ex primo celi.
591 1625 1666 1684 Voluntarium vero non sed ad placitum Sacramentum aut in missa
594 1698 1627 1728 oblatum non est agens naturale sed voluntarium. Non igitur a-
594 1751 1633 1792 git secundum ultimum suum posse et cum fit infinite potentie ac
606 1819 1639 1845 tive posset omnes animas et de inferno et purgatorio una mis
591 1854 1639 1913 sa liberare. sed utitur potentia ordinata secundum ordinem
597 1943 1654 1960 sapientie atque iusticie. Effectus igitur huius sacramenti
603 1981 1648 2031 est finitus non igitur que duo ad solutionem penarum
