1863 2506
561 331 1613 375 sententiarum dist. xlv. Sed hoc que petens annexuit hanc conditio-
566 392 1622 444 nem ut nulla anima ei adiungetur sub equa satisfactione hoc habet
552 455 1606 512 quendam nodum potest enim hoc referri quo ad se scilicet quemad
559 525 1620 563 m odum esset in eo optaret que hoc sacrificium per modum re-
555 572 1609 625 compensatiois penarum debitarum principaliter pro se offerretur.
553 632 1622 674 Et hoc non iudico iustum nec impium et caritas a se inci-
546 691 1617 744 pit. et liberatio de penis cadit primo in optione proprie per-
559 758 1626 800 sone sed que ista persona petens intenderet excludere actum
546 811 1622 851 et officium ecclesie cuius personam gerit sacerdos. que pro multis
552 871 1617 915 animabus immo pro vivis et defunctis omnibus secundum statum
555 924 1617 977 ecclesiasticum orationes deo porrigit ut patet ex tenore canonis
564 997 1617 1030 et collectarum hoc iudicio eidem fuisse illicitum ut patebit in
557 1043 1617 1096 sequentibus: nec divinam manum recludere habet. quam ille ex
539 1099 1596 1156 sua liberalitate uni plus alteri minus poterit indul-
547 1164 1619 1212 gere. Cum enim nemo dicere potest Cur ita facis caute
551 1218 1611 1273 tamen facerent tales simplices quo nescirent determinare quo
553 1285 1625 1326 modo se regerent in talibus suffragiis pro se aut suis po-
557 1344 1617 1385 stulandis ut dicerent presbitero oratorio aut celebratorio
557 1401 1625 1439 peto propter ut pro anima illius vel illorum velitis celebra
551 1449 1617 1498 re tot et tot missas secundum que ecclesia rite facere statuit aut
561 1512 1613 1557 decreuit nichil in spem postulando. Et tunc sive presbitur
557 1573 1609 1632 plures admitteret sive non in eadem missa aut oracione
563 1646 1621 1674 pie credendum est que deus intentionem petentis adimpleret. non
561 1691 1613 1731 obstante si presbiter alitet fecerit quam fuerat postulatum.
563 1749 1611 1788 Nam presbiter habet se secundum ut minister et quasi instru
555 1804 1617 1865 mentum respectu huius actionis Deus autem est princi-
557 1869 1607 1909 pale agens respiciens intentionem primi petentis non
557 1922 1602 1974 instrumenti seu ministri Cum in naturalibus et artificiali
553 1980 1609 2023 bus effectus magis sequitur formam agentis quam instrumenti.
