1863 2506
281 318 1435 369 pro centum. valeat tamen unicuique eorum quantum valeret
278 379 1432 427 uni eorum. si pro eo principaliter et singulariter celebra
265 443 1425 481 retur. et hoc loquendo de illa utilitate et valore. quo
281 497 1428 539 valet per modum satisfactionis. Pro quo notandum que
269 555 1412 597 misse exequie psalterium et generaliter quecumque oratio
269 613 1454 648 facta a vivente pro defuncto dupliciter potest sibi va
262 677 1435 715 lere. uno modo per modum supplicationis. alio modo per modum
262 725 1438 782 satisfactionis ut qua si sit quoddam propositum in partem
272 795 1425 827 satisfactionis deo loquendo primo modo de valore
272 847 1428 895 misse vel cuiuscunque alterius orationis Dico que potest equa
262 914 1419 949 liter valere unicuique de centum. ac si specialiter pro
275 965 1416 1016 se fieret. et talis valor provenit ex virtute charitatis
269 1029 1412 1061 viventis membri ecclesie. et caritas non minuitur si
269 1071 1425 1132 effectus eius distribuatur in multos immo magis au
253 1151 1416 1180 getur et similiter eciam gaudium quando pluribus est
253 1202 1441 1253 commune fit maius ut dicit augustinus. viii. confess.
249 1260 1416 1305 et sic de uno bono facto non minus letantur multi in
265 1324 1435 1378 purgatorio quam unus loquendo de valore. Secundo
249 1388 1422 1420 modo dico que non Exemplum potest poni Si aliquis
259 1430 1422 1484 rex sui centum obligentur quilibet in decem denariis.
269 1497 1422 1535 Sic conaris liberare eos per orationes apud regem
278 1542 1409 1606 ut dimittat eis debitum et ille re exaudierit annuen-
265 1615 1409 1647 do. manifestum est que tantum prodest oratio tua uni
262 1663 1422 1731 cuique de centum. ac si .... fuisset specialiter pro uno.
272 1734 1416 1782 Si vero conaris eos liberare per modum satisfa-
259 1785 1412 1836 ctionis. volendo solvere saltem in parte et offers pro
256 1846 1422 1897 eis centum denarios certum est que minus valet hec so
256 1897 1396 1955 lutio uni de istis centum quam di fieret singulariter pro
246 1961 1403 2006 eo. quia si fieret pro eo singulariter foret totaliter li
1177 2042 1284 2074 C
