1863 2506
576 346 1633 391 principaliter et minus principaliter Principaliter cele-
580 391 1633 440 brare pro aliquo uno modo ut dicit holkot super iiii.
580 457 1626 513 Est intendere que sua missa prosit multis eciam in satisfa
573 527 1619 576 ctionem. et similis que nulli anime intum prosit sicut illi
580 583 1644 635 pro qua celebrat. vel secundo modo celebrare principa
566 656 1626 688 liter pro A. anima est intendere que anime celebratio sua ce
573 688 1633 757 det in satisfactionem. et alias nulli anime: licet velit que prosit
580 757 1633 817 aliis per modum orationis. Tercio notandum que duplices
583 824 1616 879 sunt sacerdotes. quidam sunt beneficiati sufficienti benedi-
576 893 1640 925 cio quantum ad personam et ad statum persone. Alii sunt benedi
587 939 1640 995 ciati in sufficienti beneficio ad personam et statum persone Istis
590 1002 1647 1043 notatis Sit prima conclusio hec ad questionem sacer
597 1057 1637 1120 dos sive beneficiatus sive non beneficiatus Potest salva
583 1134 1633 1169 conscientia celebrare minus principaliter quotidie pro
576 1183 1647 1232 quocunque voluerit patet conclusio. et per modum
583 1249 1647 1288 orationis potest suffragari cuilibet. retento principali sci-
580 1291 1630 1343 licet sacrificio suo collatori suo. patet eciam. quia ad
569 1350 1630 1396 hoc extendit se quelibet missa in qua memoria fit plu
583 1403 1651 1455 rium immo omnium circumstantium ut patet ex canone
590 1466 1640 1511 Secunda conclusio Sacerdos beneficiatus sive suf
587 1542 1651 1577 ficienter sive insufficienter potest principaliter pro
566 1588 1637 1633 aliis quam pro suis collatoribus celebrare patet quia ad
569 1640 1651 1703 minus diebus quibus a celebratione vacare posset.
559 1703 1644 1755 et ad quos se non obligavit. quia ut communiter in
590 1755 1633 1800 investuris et dotationibus excipiuntur duo dies in
580 1814 1630 1870 quibus vacare potest in illis diebus. ut videtur po-
580 1870 1637 1923 test quis principaliter pro aliis celebrare nisi dotatio
573 1950 1278 1985 vel investitura sonaret oppositum.
576 1999 1647 2076 Tercia conclusio Sacerdos sufficienter beneficiatus non potest
