2916 3742
593 198 2623 358 Juris Theutunicum in forma datum est pro nobilibus de Sobyescziaw
618 301 2648 427 Nos Kazimirus Dei gracia Rex Polonie Magnus dux Lithwanie dominus et heres
650 397 2590 489 Russie etc Significamus tenore presencium quibus expedit universis Quoniam cum et
654 455 2657 554 ex quo molendina nostra Civitati nostre Cracoviensi adjacencia primum circa portam sancti
639 502 2561 595 Nicolai secundum post templum sancti Nicolai Tercium vero in arena sita per Serenissimum
646 558 2638 653 principem dominum Wladislaum dive memorie Hungare Dei gracia Hungarie et
652 611 2617 701 Polonie Regem germanum nostrum carissimum Nobili et provido Georgio Swarcz
683 658 2671 763 dum Civi Cracoviensi in certa quantitate pecuniarum ipsi cum sua posteritate legittima fuissent
659 718 2632 799 obligata et ejusdem sue servitutis felicis recordacionis litteris inscripta nos vero
661 757 2665 865 eum prefati Georgii Swarcz prefati pie memorie succesoribus videlicet cum honorabili Geor
647 824 2550 921 gio Sworcz Collegiate Sandomiriensis decano et archipresbytero Sancte Marie in
653 867 2642 968 Cracovia et cum germanis suis ipsius postquam hujusdi molendinorum nostrorum obli
656 922 2583 1031 gacione et inscripcione prefata racionabilem habinum tractatum cum ipsis ad concordiam
655 980 2612 1085 et composicionem utranque placitam et benivolam devenimus per hunc modum Quia videlicet
658 1031 2613 1146 ipsi succesores prefati Georgii Sworcz pie memorie de posessione usu et tenuto
662 1082 2573 1182 predictorum molendinorum nostrorum debent cedere ac cum pleno jure nostro Regali domino
661 1133 2595 1240 resignare et restituere cedunt que restituunt et resignant per presentes vel juris aut
661 1191 2619 1290 dominus ad ipsa deinceps habituri Nos vero obligacionem molendinorum nostrorum prefere
662 1233 2602 1347 redempcionis satisfaccionem facientes prefatis successoribus prefati Georgii Swarcz
664 1282 2562 1386 mille marcas communis pecunie monete et numeri polonicalium quadraginta octo grossos
659 1343 2569 1450 in quamlibet marcam computando et tria millia florenorum hungaricalium puri auri
651 1390 2564 1495 et justi ponderis In et super Censibus nobis de Custodia piscium et de
649 1433 2657 1546 maccellis Carnificum provenientibus debitis et solvi conswetis quorum summa singulis
641 1490 2581 1593 annis proveniens est trecente et decem marce inscripsimus designavimus et
663 1551 2599 1659 demonstravimus ipsos Census nostros prefatos per ipsos succesores prefatos
675 1606 2580 1705 tenendos posidendos et in summa recentarum et decem marcarum me monete et
682 1657 2588 1754 numeri prefatorum singulis annis recipiendos et levandos quibus receptis et
678 1707 2485 1806 levatis per succesores prefatos extenuacio et defalcacio prefate summe
679 1757 2569 1856 mille marcarum et trium millium florenorum secundum numerum et quantitatem premissam
681 1813 2569 1908 videlicet trecentarum et decem pefa marcarum per prefatos succesores singulis annis
692 1870 2605 1963 recipiendarum debet si̕ et rōcurari Tamdiu itaque prefati succesores prefa
699 1930 2545 2015 tos census nostros tenebunt possidebunt et tollent quamdiu prefata summa
682 1980 2622 2077 mille marcarum et trium millium florenorum fuerit plenarie extenuata defalca
676 2038 2564 2137 ta et secundum modum premissum per prefatos census nostros currentibus temporibus fuerit
684 2098 2559 2186 exoluta et exhausta qua extenuata defalcata et nostro servisso exoluta
690 2162 2570 2252 dum hoc videlicet per racionem cum prefatis succesoribus tempore suo faciendam luculencius
677 2215 2632 2305 apperebit possessio et proventus censuum nostrorum prefatorum absque omni pecunie solu
691 2271 2569 2365 cione et pagacione ad nos redibit et revertere pleno jure hoc quoque adjecto
677 2329 2562 2441 et expresso quod quandocumque racione cum prefatis succesoribus feta summam que ad
693 2384 2649 2490 extenuacionem seu defalcacionem prefate summe videlicet mille marcarum et trium millium
695 2444 2637 2552 florenorum restaret et superesset d̕ prefatis censibus annis exigenda et recipienda
697 2497 2619 2602 daremus et solveremus ipsi census nostri prefati similiter ad nos redebunt
695 2548 2613 2660 et revertentur pleno jure Racio autem d̕ premissis sue tempore facienda debet
688 2606 2595 2735 aucipi a tempore quatuor tpm post festum Sancte Crucis secutorum circa tempus
707 2675 2583 2794 autumpni Datum Cracovie feria qrta secunda proxima ante festum Nativitatis
693 2748 1489 2858 Sancte Anno Domini millesimo quadringentesimo quinquagesimo tercio
1571 2780 2417 2921 Relacio Magnifici Johannis de
1599 2859 2432 2991 Conyeczpole Regni Polonie Cancelarii
