6904 9570
1630 528 5894 654 Paruuli philosophie. Fo. XXIX
662 736 5868 889 medij causata ex densitate maiori vel minori illius medij: quia spiritui nullum cor
671 916 5776 1039 pus resistit. Similiter diceretur de anima separata a corpore / ⁊ de corpore glorifi-
720 1072 5806 1193 Et si queras: an ille motus in vacuo esset naturalis / vel animalis / vel violen
734 1224 5830 1341 tus. Dico ꝙ motus grauiu~ deorsum esset naturalis / ⁊ sursum violentus: attenden
750 1372 5844 1491 do naturalitate~ ex parte mobilis / no~ ex parte medij. Dico etia~: ꝙ proiecta no~ mo-
697 1503 5826 1639 uerentur ad motum medij deferentis / sed a virtute eis impressa a proijciente. De
738 1679 5806 1792 motu autem animalis dico: ꝙ gradientia possent per terram ambulare / si supra
700 1823 5790 1942 terram esset vacuum: suppositio ꝙ possent viuere sine respiratione: tamen auis non
670 1959 5788 2095 posset volare sine aere: nec piscis natare sine aqua. Nec posset fieri visio / nec audi-
714 2128 5812 2243 tio / nec odoratio: quia ista requirunt medium extrinsecum tanqʒ~~ deferens species
716 2282 5800 2395 ad potentias. ¶ Item contra predicta instantur. Si esset vacuum / poneretur speci
778 2431 5730 2546 um dimensionatum: ergo corpore ingrediente in illud / dime~siones corporis in-
713 2565 5844 2694 gredientis penetrarent dimensiones illius spacij vacui. Consequens est falsum:
734 2727 5818 2846 quia ista est causa quare corpora plura non possunt esse in eodem loco: quia im-
678 2847 5786 2996 possibile est fieri penetrationem dimensionum. Consequentia autem probatur:
708 3032 5824 3148 quia vacuum non potest moueri: igitur dimensiones eius non cedunt dimensioni
718 3185 5810 3298 bus corporis ingredientis. Dico: ꝙ in vacuo non sunt dimensiones positiue / sed
702 3332 4594 3455 solum imaginarie: ⁊ ideo non sequitur penetratio dimensionu~.
666 3584 1460 4379 T
1585 3789 5894 3921 Empus est numerus motus scd'm prius ⁊ poste-
972 4212 5822 4361 rius. Numerus est triplex: scilicet numerus nume-
740 4708 5780 4823 ratus / vt sunt res numeratę / vt tres lapides vel quattuor. Et
952 5156 5658 5279 numerus numerans / vt anima. Et numerus mediante quo
1046 5610 5772 5741 numeramus: ⁊ hoc tripliciter. Primo: vt actio animę / vel con
760 6054 5658 6177 conceptus medianete quo numeramus. Secundo: vt quodli-
754 6496 5868 6621 bet nomen numerale / vt duo quattuor. Tertio: vt quęlibet res
818 6946 5572 7091 qua mediante res numerat ipsa anima. Numerus numeratus
814 7413 5216 7551 duobus modis numeratur. Primo a causa quę facit numeru~:
722 7898 5674 8023 ⁊ sic tempus numeratur a motu: quia prius ⁊ postetius in tem
770 8356 5060 8481 pore causatur a priori ⁊ posteriori in motu. Aliter numeratur
5102 8521 5544 8610 E 4
5894 3790 6236 3901 De te~po-
5902 3944 6078 4063 re.
