1743 2618
265 270 1296 343 Pars. iij. .$. ix.
149 356 1405 412 sancti pontifices viri summe perfectionis et litterature miraculis gloriosi
149 426 1401 444 qui omnia temporalia arbitrabantur vt stercora quorum doctrina ecclesia sicut
143 454 1403 503 sol et luna. Quorum scripta suos lectores sanctispiritus igne accendunt. quorum
151 513 1396 542 plures propriam vitam pro defensione libertatis ecclesiastice tradiderunt martirio
143 548 1397 606 coronari. Quis inquam audeat dicere tales ac tantos tam multos sic delirasse
151 608 1394 650 vt homini temporalia contra iustitiam ac dei voluntatem detinussent An non potius
154 651 1396 706 vsque hodie contradictores eorum formidabili vidimus morte consumptos
151 708 1401 738 iuxta quod imprecatus fuit eis Constantinus quando paginam imperialis testamenti
143 749 1408 797 proprijs manibus super venerandum corpus beati Petri posuit. distin. xcvj. c
142 802 1394 833 Constantinus. Quis vnquam temerator nisi penituisset hanc maledictionem
145 842 1399 895 euasit. Reuera possumus adducere illud Gamalielis Actuum. v. Si a deo
152 895 1399 933 est non poteritis dissoluere etc. Tanta siquidem per huius mundi potentes
145 940 1399 1007 pariter et sapientes facta legimus contra patrimonium ecclesie pene in om-
143 1014 1390 1034 nibus finibus totius christianitatis ut nequaquam credibile sit que humano
136 1052 1403 1076 modo potuisset insultus homini tolerasse. siue aliquid recuperasse. post tam crebras
145 1091 1387 1121 desperatasque expoliationes. sed quia de celo dimicatum est contra eos. ideo
147 1127 1394 1185 vt sumus perierunt vniuersi hostes ecclesie vsque in presens. Ubi secundus Con-
149 1192 1403 1227 stantinus. Arrianus. Iulianus apostata. valens. Haytanaricus. Hala-
145 1228 1397 1279 ricus. Gausaricus. Honorius attila. Seuo. totila. Theodoricus. Con-
146 1290 1413 1328 stantinus tercius et quintus. Leo tercius et quartus. Henricus tercius et
148 1339 1402 1383 quartus. fredericus primus et secundus. Otto quartus. Lodouicus quartus. impera
148 1383 1402 1425 tores. et ceteri presumptores cum suis complicibus. qui quasi hora vna ecclesiam pre
146 1436 1400 1482 nare nitebatur. aut sufocare. Ubi sunt. numquid preualuerunt. et ecce hodie floret
146 1488 1406 1526 cultus dei cum gloria. Et illi si penitentiam non egerunt apud inferos contremiscunt
157 1528 1406 1579 Sed numquid humana virtute actum credimus minime. Igitur deus pro
154 1583 1396 1618 nobis quis contra nos. Ecce regnat fides sancta videntibus et inuidentibus
146 1618 1398 1662 inimicis. dentibus suis frementibus nil contra manum omnipotentis facere valentibus
144 1667 1406 1706 iuxta prophetiam psal. dicentis. Dixit dominus domino meo sede a dextris meis. Donec
148 1711 1396 1776 ponam inimicos tuos scabellum pedum tuorum. Et iterum Sepe expugnauerunt
148 1776 1409 1799 me etc. Et quia grandia mala contingerunt aliquando propter huiusmodi dispu-
144 1807 1400 1858 tationes suggerentibus quibusdam impijs in aures principum que ecclesiastici
139 1862 1407 1898 terrena dominia licite non possiderent Ideo apostolica sedes inhibuit ne a modo
141 1908 1407 1948 fiant. neque illi liceat deinceps in dubium reuocare. quod tantis sanctissimorum
141 1953 1415 1999 virorum doctrinis et exemplis constat roboratum. Aduertant sensati
139 2005 1402 2062 principes quid eis vtile sit et salubre post tot annorum curricula ac va-
133 2071 1409 2100 rios rerum euentus vbi nullus vnquam prosperatus est. neque sibi promittant
139 2120 1385 2172 inconsulte posse immutare quod spiritusancto dictante statutum est.
