1780 2626
325 233 1324 323 Pars iiij. .$. vj
191 322 1450 376 nissime. adde. quod non. idem Panor. in. c. Sententiam. Ne cle. vel. mo. Atten
182 387 1446 427 dendo etiam id dictum saluatoris inquientis. Dico autem vobis quia
187 432 1450 481 templo maior est hic Mathei. xij. Et illud Hieronymi. Cur tot captiui
179 490 1448 520 in captiuitate ducti nec redempti ab hoste occisi melius fuerat. vt vasa
182 527 1439 585 viuentium seruares quam metallorum. Hijs non potes responsum referre.
173 597 1429 621 quid enim dices timui ne templo dei ornatus deesset. respondet. Aurum sa-
175 627 1441 676 cramenta non querunt neque auro placent. que auro non emuntur ornatur
184 679 1436 718 sacrorum redemptio captiuorum est etc. xij. q. ij. c. Aurum habet ecclesia
184 728 1441 779 Et id. c. Sicut omnino ea. q. dicendum est. et ecclesiam ad contribuendum
173 779 1441 809 teneri ad hunc actum videlicet captiuorum reuocationis prosequendum.
179 810 1441 866 Sed eum tanta captiuorum multitudo redeminequeat. et vniuversalis ec
177 866 1441 907 clesie par acquiri. nisi id fiat per expugnationem infidelium. Igitur vniuersi
175 914 1438 973 christi fideles vnanimes benedictione seu cruce assumpta a Romanorum
163 979 1432 1005 ponitifce exemplo dei saluatoris sui dispersas querant oues. et in vnum
168 1005 1424 1066 ouile congregent. Quid enim in hominum vita magis necessarium censeri debet
177 1066 1424 1099 quam. aut id maxime omnium sequi quod honestum sit. aut id omni ope atque
170 1106 1436 1150 opera aspernari quod afferat secum aliquam turpitudinis feditatem. non enim
177 1157 1434 1199 ad cibum ac potum: non ad prurientem corporis voluptatem. que ipsa
177 1204 1439 1264 nobis cum pecudibus sunt communia Sed ad decus dignita: eque nati sumus
166 1267 1432 1308 iccirco nobis mens data est immortalis ac diuina vt immortalitati seruien-
170 1317 1437 1341 tes deo simus similes. et quo pacto proprius ad deum accedimus et nos
166 1348 1424 1391 assimilando quam eius [......] et exempla sequendo. Non frustra quippe di
186 1402 1427 1441 ctum est. exemplum dedi vobis. vt quemadmodum ego feci. ita et vos fa-
173 1451 1434 1499 ciatis Ioannis. xiij. Ita enim de iure dicendum videtur nobis saluo semper
165 1502 1434 1536 saniori iurisperitorum iudicio. quibus hoc totum presentis tractatus ne-
165 1544 1421 1591 gocium committendum consulo. Mos etenim est (vt refert. Bar. in tractatu
166 1599 1424 1632 de reipub. regimine) regum et principum ceterorumque vniuersalium dominorum
168 1645 1429 1685 rempub. regni aut alicuius ciuitatis reformare volentium iurisperitos con-
157 1695 1429 1729 sulere vel eis in solidum committere. Et in hoc finit hic Tractatus ab laudem
158 1737 1417 1783 gloriam et honorem et qui palam in sacro euangelio Ioannis. viij. c. Et
165 1787 1422 1830 dicit et clamat Ego sum lux mundi qui sequitur me non ambulat in tene
170 1838 1440 1886 bris sed habebit lumen vite. Hoc est domino nostro Ihesu christo sal-
152 1902 1205 1947 uatori mundi qui est benedictus in secula seculorum Amen.
1213 2046 1342 2092 G 3
