1796 2634
375 269 1319 320 Pars. ij. $ viij.
203 344 1457 400 cura in anime sue et promouentis iacturam committatur. redditurus est enim
201 396 1444 446 promouens de his districtam rationem. In homini ergo officijs profecto satius
200 441 1446 495 esset commisisse viris prestantibus. maturis doctis. et integris. qui perso-
202 489 1446 545 narum haberent delectum. quibus fides adhiberi possit. que saluti reipub
202 539 1450 597 consulat. que deum et animarum salutem preferant. que quam nequaquam afficiantur
200 587 1455 643 ex quacunque temporali causa ipsi persone. sed vt ab eis sola probitas virtutum. scien-
201 639 1456 689 tia. eloquentia. et profectus subditorum consideretur. Aduertentibus quidem
199 685 1450 740 quod ait philosophus. j. Politicorum dicens. Qui curat rempublicam sed non
202 734 1448 790 illum qui propriam vtilitatem vendicat accipias in rectorem. cui concordat
202 782 1448 839 c. Dilectissimi. viij. q. ij. Procu reuera procul exterminandi sunt ambiciosi
206 832 1450 886 qui ob priuatam vtilitatem vel iniquam ad suos affectionem vniuersam rempub.
200 880 1450 937 omnem honestum ordinem iustamque remunerationis distributionem infringem.
199 929 1454 988 violare perturbareque non erubescunt. Iterum atque iterum exhortor vt summopere
203 979 1450 1034 caueat princeps. ne attentare presumat contra canones qui habentur. lxiij.
199 1026 1448 1082 distin. c. Nullus laicorum. et. c. se. et. c. Omnis electio ibidem. Et de elec. c. sacro
195 1076 1447 1127 sancta. et. c. Messana ecclesia. Sed imitari studeat Ualentinianum impera-
200 1120 1444 1179 torem christianissimum. de quo habetur. dicta. lxiij. distin. c. Ualentinianus.
204 1166 1444 1228 vbi sic legitur. Ualentinianus imperator veniens ab oriente ad Hesperias
197 1217 1448 1277 partes mortuo Aurencio Arriane perfidie magistro. que Mediolanensem
196 1268 1454 1325 ecclesiam vt lupus dilaniauerat. Cum vellet imperator catholicum deo ordi
189 1313 1456 1376 nante ibi consecrari episcopum. Euocans episcopos. hec eis locutus est. nostis aperte
201 1357 1447 1423 eruditi diuinis eloquijs qualem oporteat esse pontificem. Et quia non decet
200 1407 1443 1471 cum verbo solo. sed etiam consuersatione gubernare subiectos. et totius
192 1460 1446 1519 semetipsum imitatorem virtutis ostendere. testemque doctrine conuersationem
200 1508 1448 1568 habere bonam. Talem itaque in pontificali constituite sede. sui et nos qui guber-
192 1558 1449 1619 namus imperium sincere nostra capita summittamus. et eius monita dum
196 1604 1450 1670 tamquam homo delinquimus necessario veluti curantis medicamina suscipia-
197 1656 1444 1715 mus. Hec autem cum dixisset imperator. pecijt synodus vt magis ipse decerne-
191 1704 1448 1760 ret. Sapiens et pius existens. atque ille ait. super vos est talis eclectio. Uos enim
193 1754 1446 1810 gratia diuina potiti. et illo splendore fulgentes melius poteritis eligere etcetera
193 1801 1441 1861 De quo etiam Ualentiniano habetur de iudicijs. c. Nouit. Unde et de elec.
185 1848 1445 1909 c. j. dicitur. Nullus in ecclesia vbi duo vel tres fuerint in congregatione. nisi eorum
192 1895 1427 1958 electione canonica presbyter eligatur. Si vero aliter quis ecclesiam adeptus
190 1944 1441 2007 fuerit. eo que per cupiditatem illam acquisierit atque contra canonice regule disciplinam
192 1993 1441 2055 egerit expellatur. Hec ibi. Qui canon intelligitur cum illi duo vel tres etcetera sint
190 2042 1437 2104 per modum collegij. alias patroni est presentatio de iure patro. c. Postu
181 2093 1448 2152 lasti. Et in. d. c. Messana dicitur. Edicto perpetuo prohibemus ne per laycos
1268 2161 1370 2200 C 4
