1747 2644
542 277 1409 330 Pars. ij. $ viij.
356 356 1605 411 plurimas. que alliciant animum eius. Neque argenti et auri imensa pondera
374 406 1597 460 Post q autem sederit in solio regni sui. describet sibi Deuteronomium legis
365 455 1600 508 huius in volumine accipiens exemplar a sacerdotibus. Leuitice tribus. Et ha-
358 505 1594 557 bebit secum. legetque illud omnibus diebus vite sue. vt discat timere dominum deum
357 554 1597 607 suum. Et custodire verba et cerimonias eius. qui in lege precepta sunt. Nec ele-
361 602 1608 654 uetur cor eius in superbiam super fratres suos. neque declinet in partem dexteram
365 649 1605 702 vel sinistram vt longo tempore regnent ipse et filij eius super Israel. Hec sunt verba
360 698 1597 751 dei. qui per doctores sic discutiuntur. ait enim. Cum fuerit constitutus. ex hoc innuitur
355 749 1597 802 que debet quis ab alio rex constitui. viij. q. j. c. Moyses. alias non esset rex sed ti-
359 799 1596 849 rannus. Deinde ait deus. Non multiplicabit sibi equos. Est enim multipli
359 844 1610 900 care vltra. quam expediat sibi habere. Nec reducet populum in Egyptum. Alle-
361 894 1599 949 gorice non reducat rex populum in seruitutem. que seruitus secatur per Egyptum. vbi
361 945 1593 997 populus in captiuitate tenebatur. Prohibet ergo deus per hec verba populum
359 994 1597 1045 grauari oneribus personalibus. que quasi sunt species seruitutis etcetera. Non enim
361 1041 1605 1094 habebit vxores plurimas. supra prohibuit vanam gloriam. hic prohibet in rege
363 1090 1597 1144 luxuriam. Illa enim separat animam regis a vero iudicio non solum erga homines. sed
361 1138 1609 1192 etiam erga deum Neque argenti et auri immensa pondera. Hic prohibet auariciam
360 1190 1614 1239 Sicut enim propter pompam nimis expenditur. Et propter hoc populus aggrauatur
363 1236 1612 1290 ita propter auariciam nimium a populo extorquetur Post quam autem supra prohibuit
365 1281 1601 1340 aliqua non fieri. Hic aliqua fieri mandat. Ibi describet sibi Deuteronomium
363 1333 1608 1388 legis huius. secundum Isidorum interpretatur secunda lex. Et est figura euangelice legis
365 1386 1606 1435 Debet ergo rex esse fidelis et catholicus. Et hoc etiam precipit lex C. de epi
370 1431 1605 1486 sco. audi. l. Statuimus. Accipiens exemplar a a sacerdotibus Leuitice tribus
373 1479 1605 1538 per istos sacerdotes figuratur sancta mater ecclesia a qua exemplar christiane
363 1530 1619 1585 legis. omnis rex debet assumere. Et secundum instructionem sacerdotum leuitice
369 1580 1610 1630 tribus id est ecclesie prelatorum legitime intrantium et presidentium. et non assu-
375 1628 1609 1680 mentium sibi honorem sed a deco vocatorum sine libidine ambitionis et cu
375 1676 1617 1732 piditatis et affectione carnis et sanguinis. se debet regere. et leges consti
376 1723 1619 1781 tuere seu condere. Inanis enim est censura legum si non diuine legis imitationem
379 1773 1609 1827 gerant. Et inutilis constitutio principis si non ecclesiastice discipline sit con
375 1822 1613 1876 formis. distin. x. quasi per totum. Ideo imperator indixit legibus suis ne dedi-
374 1873 1620 1925 gnentur sacros canones imitari. Nec eleuetur cor eius in superbiam. Hic aliqua
380 1921 1614 1974 alia prohibet scilicet superbiam cordis que omnium viciorum est radix. super fratres suos. Ap-
378 1969 1616 2022 perit ergo que illi qui sunt subditi non sunt serui regis sed fratres. Neque declinet in
375 2017 1612 2070 dexteram partem vel sinistram. quasi diceret. rectum sit iudicium non amore vel odio
383 2067 1614 2121 quasi dicat. sit iustus. Debet ergo bonus rex esse fidelis christianus. iustus
379 2116 1616 2173 non pomposus. nec subditorum grauator. non luxuriosus. non auarus. nec superbus
