1787 2634
298 290 1219 350 Pars. ij. $. ix.
140 366 1397 404 cipio etcetera. Quapropter aduertere demonstrat patroni vel electores quod ait Grego.
137 415 1398 453 dicens. Sicut locus regiminis desiderantibus est omnino negandus ita fugien
137 463 1397 502 tibus est offerendus et imponendus. Ne quis sibi summat honorem sed qui vo
142 512 1394 550 catus est a deo tanquam aaron. viij. q. j. In scripturis. Idem. sicut is. inquit. qui inui
141 561 1390 599 tatus renuit quesitus refugit sacris altaribus est admonendus sic qui vltro ambit
147 609 1396 648 vel importunum se ingerit. est proculdubio repellendus. Nam qui sic nititur ad
145 657 1398 697 altriora conscendere quid aliud agit nisi vt crescendo decrescat et ascendendo ex-
143 704 1393 747 terius interius in profundo descendat. j. q. vj. c. Sicut is. Et si reprehendantur
149 753 1396 797 qui presbyterium non deuotionis causa. sed supplende sue penurie assumunt. vt in. c
145 802 1393 845 Monachus. distin. lxxvij. quanto magis qui per ambitionem vel cupiditatem
145 851 1391 893 illud adipisci satagunt Sed o si attenderent cupidi vel ambitiosi quanta cura
141 899 1395 941 et onera ac pericula ex dignitatibus et honoribus sequuntur. Non puto quin modo
141 950 1397 991 cordialiter nedum ambirent sed penitus eos detestarentur. iuxta illud beati Bernar.
142 998 1391 1040 in epistula ad archiepiscopum Senonensem dicentis Multi non tanta fiducia et alacri
148 1046 1391 1085 tate ad honores currerent si onera attenderent et sentirent. Nec cum tanto periculo
146 1096 1395 1132 dignitatum infulas affectarent. sed metuerent. Quid enim est potestas culminis nisi
140 1143 1393 1184 tempestas mentis. Unde Grego. in pastorali. Plerumque in occupatione regi-
146 1193 1392 1235 minis ipse quoque boni operis vsus perditur qua in tranquilitate tenebatur. quia quieto
140 1244 1394 1278 mari recte nauem et imperitus nauta dirigit. turbato autem tempestatis fluctibus
137 1292 1388 1325 etiam peritus se nauta confundit. Unde Ouidius Et obest. inquit sua gulia mltis
137 1336 1402 1378 Et Oratius in li. carminum. Sepe quoque ventis agitatur ingens pinus Et celse
143 1384 1370 1427 grauiore casu deciduntur turres. feriunt quoque summos fulgura montes.
138 1435 1396 1477 Boetius li. iij. de consolatu. prosa. v. Est hoc potestas: inquit: que sollicitudinum et inquie
140 1484 1392 1525 tudinum morsus expellere. que formidinum aculeos vitare nequit etcetera. Ubi optime
143 1534 1386 1574 de hoc Cui concordans Sidonius in suo epistolari dicit quidam ius fasque com-
142 1583 1394 1623 mune superingressi summam potestatem summam beatitudinem putant esse hoc ipso
144 1631 1386 1670 satis miseriores que parum intelligunt se inquietissimo famulatu subiacem etcetera. Quomodo
141 1680 1386 1715 autem inanis et cauda sit ambientium potestas seu honor. patet Eccles. x. vbi dicitur. Omnis
139 1729 1394 1766 potentatus breuis vita rex hodie est et cras morietur. Et Iob. xxiiij. elati
141 1776 1386 1816 sunt ad modicum et non substitunt et humiliabuntur et auferentur et sicut sum-
141 1822 1391 1865 mitates spicarum conterentur. Unde in persona talium dicitur Sapientie. v. Errauimus a
150 1869 1384 1914 via veritatis et iustitie lumen non luxit nobis et sol intelligentie non est ortus nobis las
140 1918 1386 1963 sati sumus in via iniquitatis et perditionis. et ambulauimus vias difficiles. Uiam autem
138 1968 1391 2012 domini ignorauimus quid nobis profuit superbia. aut diuitiarum iactantia quid contulit nobis
144 2018 1391 2061 transierunt omnia illa tanquam vmbra etcetera. Hinc versificator Egregius ait: vir bone quid
142 2065 1387 2109 curas res viles res perituras. Nihil profuturas damno quinque futuras. Nemo
137 2116 1394 2165 diu mansit in culmine sed cito transit. Est breuis atque leuis in mundo gloria quamuis
