1791 2646
345 261 1254 304 Pars. ij. $ ix.
188 333 1438 372 Si ergo sancti viti vita eximij et virtutibus pleni sic refutauerunt prela-
192 383 1436 421 tiones et dignitates et illas non nisi coacti suscipiebant que temeritate vir
197 433 1436 470 tutibus carentes et omnino indigni per fas et nefas nituntur talia consequi
197 480 1440 519 non aduertentes quod ait Grego in pastorali dicens. Uirtutibus pollens ad re
193 529 1442 569 gimen non nisi coactus veniat virtutibus vacuus nec coactus aliquo modo
197 578 1425 620 accedat. ex quibus iam patet que ipse honor mundanus siue sit ecclesiasticus
196 628 1435 668 siue secularis nullatenus est affectandus. sed ab omnibus vniuersaliter
187 676 1436 717 fugiendus et contemnendus nisi necessitas populorum aliud suadeat tunc
187 726 1439 766 si alicui imponatur et sentiat se prodesse fugere non debet. Nam vtilitas
202 773 1444 815 proximorum et multorum lucrum preponendum est proprie queti vt in. d. c. In
196 822 1440 863 scripturis. viij. q. j. Uerum tamen que si quis sacerdotium non ad elationis pom
198 873 1442 912 pam et penurie sue supplende principaliter. sed deuotionis causa et ad vti
194 921 1446 961 litatem et lucrum populorum adipisci desiderat bene desiderat et potest
194 970 1444 1012 humiliter petere vt illud assequatur. Prius tamen vires suas cum eo quod sit
197 1018 1442 1058 subiturus onere metiatur vt si est impar omnino abstineat. et ad id cum
187 1067 1443 1104 metu etiam se sufficere existimat accedat. j. g. j. Non est putanda Unde
191 1111 1438 1154 et talis potest humiles preces emittere pro beneficio spirituali consequendo
194 1156 1442 1206 ar. c. Tua de simonia. Licet enim clericum pauperem. si non habeat aliunde vnde
194 1207 1441 1252 viuat emittere preces. vt sibi prouideatur de beneficio quia qui idonei repu-
190 1260 1435 1300 tantur ad ordines debent reputari idonei ad beneficium. c. Cum secundum apo
187 1306 1433 1347 stolum de preben. Et cum charitas sit radix omnium bonorum peccatum secum non
195 1352 1437 1397 patiens de pe. distin. ij. c. Radix. Unde si quis ex fauore filius seclusa pe-
186 1400 1441 1448 nitus cupiditate vel ambitione moueatur ad desiderandum aliquam prela-
190 1452 1436 1495 turam vel dignitatem existens ea dignus non peccat eam desiderando.
190 1503 1436 1545 viij. q. j. c. Qui episcopatum. Unde et humiliter petendo illam vt prosit et
189 1553 1446 1596 sentiat se posse prodesse. non peccabit secundum Panor. in c. Per nostras. De
198 1601 1449 1645 iure patro. de quo vide latius per eundem glo. in. c. Tuam. de eta. et. quali et vi
197 1649 1442 1693 detur ponere in hoc veritatem. Et hoc est. que dicitur Noli querere fieri iudex
183 1698 1439 1739 nisi valeas virtute irrumpere iniquitates Ecclesia. vij. Sed quoniam talis intentio
193 1749 1434 1789 est ignota militanti ecclesie. Unde et preces et fauore charitatis proce-
193 1798 1440 1840 dentes licet essent licite tamen viderentur saltem presumptiue inducere speciem
197 1845 1430 1890 mali. puta cupiditatis vel ambitionis et maxime si peteretur prelatio que
192 1892 1433 1939 datur per electionem vel beneficium habens dignitatem vel curam ani-
194 1941 1433 1987 marum et non indigeret. Etiam eo ipso que peteret redderet se indignum
190 1990 1437 2037 secundum quosdam multos doctores quos enumerat. Angelus de Clauasio in
186 2041 1435 2086 sua summa v. Simonia. v. $. iiij. Unde dicitur: nam eo ipso que se ingerit est su-
186 2091 1439 2139 spectus. j. q. vj. c. Sicut is in glo. Ubi etiam dicitur que meritis potest quis
