1751 2627
510 267 1415 326 Pars. ij. $. xj. et xij.
356 347 1612 389 baptismate recte viuant id est que se abstinuerunt a vicijs et concupiscencijs
358 398 1606 438 carnis. regnum enim celorum sicut infideles heretici atque scismatici non habebunt
358 446 1517 484 Sic catholici criminosi possidere non potuerunt. Hec ille xj. $.
486 525 1610 563 ¶ O quam periculosissimum est
370 585 1604 624 participare predictis hereticis videlicet. vel scismaticis. et etiam eorum fau-
363 633 1608 672 toribus. ex sacris canonibus liquide manifestum est. qua ergo fronte cum
367 681 1602 723 illis christiani communicare eut eos fouere audeant. aut illos in officiales
369 730 1606 770 (quod deterius est) constituere quasi se nesciant sacrilegium committere vel in
361 778 1608 817 excommunicatinis penam incidere. Clarum quidem est non solum ipsos he.
361 824 1594 867 reticos vel scismaticos. Uerum etiam fautores eorum et receptatores grauibus
365 871 1604 916 sententijs excommunicationum esse innodatos. vt hoc patet de hereticis. c. Sic
365 918 1580 964 ait. Et de sententia excommunicationis. c. Nouerit fraternitas. xij. $
395 999 1581 1040 ¶ Quomodo autem ipsi heretici
363 1058 1606 1104 vel scismatici ad fidem sunt compellendi. patet. xxiij. q. vij. per totum. et. c. Ad abo-
365 1110 1606 1154 lendam. et. c. Uergentis de hereticis. et eo. ti c. Cum secundum leges. li. vj. Co
368 1159 1612 1200 gendi quippe sunt etiam bonis eorum omnibus confiscatis. xxiij. q. vj. per totum
370 1205 1608 1247 et ea. q. iiij. Displicet. Sic enim eorum lucrarentur anime. et pro temporali pena euaderent
362 1252 1614 1298 eternam si se emendatos prestiterint. xxiij. q. vj. c. Uides. et. c. se. in. fi. Qui vero
369 1299 1606 1346 se emendare spreuerint in sua detestabili labe indurati permanentes vltimo
369 1351 1612 1392 sunt puniendi supplicio. xxiij. q. iiij. c. Quanto Et de hereticis. c. Excommuni
372 1396 1618 1441 camus itaque. Ex quo capitulo etiam habetur que hereticos vel scismaticos te-
374 1443 1614 1495 nentur principes et potentes sub iuramento coram episcopo prestito de suis fi-
364 1491 1610 1542 nibus extirpare. quod si moniti ab ecclesia. neglexerint: debent excommunicari.
376 1540 1614 1590 quod si contempserint infra annum. Papa eorum vasallos ab ipsorum fidelitate
365 1590 1618 1636 denunciare debet absolutos et terram eorum exponere catholicis occupan-
366 1641 1610 1685 dam sub indulgentia et priuilegio quo signati cruce ad terram sanctam mu
366 1688 1614 1736 niuntur Hec ex. d. c. Excommunicamus. Episcopi autem hoc ipsum negligentis pena que sit
364 1736 1612 1785 ibidem patet. Minime quidem parcendum est hereticis vel scismaticis. Secus
369 1785 1617 1830 autem est de iudeis vel alijs infidelibus si non sint christianis infesti et nature
372 1833 1614 1879 precepta non transgrediantur secundum Inno. in. c. Quod super his devoto. Sed
380 1881 1612 1927 cum vsura prohibeatur pagina vtriusque testamenti. c. Super eo de vsuris. et etiam
375 1929 1618 1976 sit contra nature legem: vt probat Aristo. j. Politicorum. Igitur et ipsi iudei
373 1978 1614 2023 vsuras exercentes nequaquam in hoc sustineri debent facit. c. Post miserabilem
374 2027 1624 2071 de vsuris vbi precipitur potestatibus vt cogant iudeos ad restituendum
383 2078 1631 2125 vsuras. Quod si principes non faciant demonstrat compelli censura ecclesiastica. vt dicit
