2625 3500
425 446 2022 545 in ipsa racione non reproductas aut exhibitas dictum Georgium et Magdalenam
418 528 2042 613 habere aut postea reproducere contingat tales ipsis Georgio et Magdalene coram nobis
424 581 2005 685 de facto consencientibus et annuentibus cassamus anullamus nulliusque roborum ad
388 661 1992 766 monniti esse decernimus tenore presencium mediante demptis litteris tribus et
429 734 2020 838 presentibus exclusis una super mille marcas in quibus scultella picari et
413 809 1992 907 vasa argentea Secunda vero debitum quadringentorum florenorum Hungaricalium in se
416 871 2022 983 continens in quibus due selle deaurate et argento reformate et confecte etc apud
421 953 2008 1059 eosdem Georgium et Magdalenam in titulum obligacionis sunt reposita que
408 1021 1996 1111 non sunt posite ad predictam racionem Tercia vero littera debitum trium milium
417 1084 1992 1202 florenorum in se continens quod in cussione monete nostre de nostris lucris per dictos
402 1157 1993 1259 Georgium et Magdalenam apud Nobiles et famosos Valterum Kezinger
415 1234 2037 1356 procuratorem nostrum Cracoviensem et Stanislaum Mornsteen Magistros Monetariorum
415 1297 1974 1402 nostrorum debuit levari percipi et excudi de cujus debiti trium Milium
431 1381 1996 1484 florenorum Hungaricalium solucione nonnulla difficultas inter nos prefatos
313 1454 1988 1582 Zupparios et Magistros Monetariorum nostrorum intervenit Cujus littere et debiti
419 1523 1979 1633 decisionem ad meliorem et clariorem informacionem ac indagacionem presentibus reservamus
328 1598 2019 1725 Insuper si contingat domino volente quod unus ex ipsis consortibus Georgio et Ma
404 1685 1974 1819 gdalena ab hac luce decesserit extunc superstes ex eis qui remanserit
427 1750 1991 1893 succedet in omnia jura et propinquitates alterius presentis nostre inscripcionis
357 1826 1968 1988 Insuper promittimus quod prefatos Zupparios Georgium et Magdalenam
440 1908 1976 2035 Quittanciis mandatis aut Recognicionibus nostris ex sale ipso minuto
437 1980 2004 2143 solvendis aut quibusuis personis dandis non gravabimus aut quovismodo
449 2047 2023 2203 opprimemus A quorum recepcione ipsos penitus habere volumus liberos
431 2126 2035 2280 et exemptos Que omnia et singula prefatis Zupparis nostris
431 2198 2024 2360 verbo nostro Regio adimplere et easdem in premissis conservare et conservari
434 2286 2060 2469 debere promittimus et pollicemur tenore presencium mediante harum quibus
423 2393 1961 2562 Sigillum nostrum presentibus est subappensum testimonio litterarum Datum
392 2478 2020 2649 in Brzesczne feria Sexta proxima ante festum Sancti
419 2563 2019 2738 Dionisii Anno Domini millesimo quadringentesimo quadragesimo tercio presentibus
426 2684 2030 2828 ibidem Magnificis et Generosis etc Datum per
346 2781 2032 2931 manus Reverendi patris domini Johannis de Brzeszye
452 2879 1626 3056 Electi Confirmati Wladislaviensis Regni Polonie vicecancellarius
1247 2997 2008 3178 Ad Relacionem ejusdem Reverendi
1306 3127 1835 3261 in Christo patris etc
