2625 3500
303 294 2042 630 Obligacio salis minuti Zuppariis post
434 569 1971 773 resignacionem Zupparum infra tempus arende
387 757 1994 886 Kazimirus Dei gracia Rex Polonie Magnus dux Lithwanie Russie
351 850 1996 980 Prussieque dominus et heres etc Significamus tenore presencium quibus expedit
437 880 2080 1050 universis Quoniam facta et posita decenti racione ac exacto computo cum Spectabilibus
424 967 2052 1117 et famosis Georgio Mornsteen et sua consorte Magdalena Salis utrique
418 1045 2105 1201 et Russie zupparis fidelibus nostris dilectis quibus omnibus et singulis perceptorum
426 1136 2014 1276 distributorum expositorum ac debitorum summis in littera arende nostre die date
432 1209 2101 1361 presencium ad quadriennium eisdem Zupparis nostris date et concesse specialiter contentis
435 1291 2063 1439 specificatis et expressis Memoratis Georgio et Magdalena Zupparis nostris
431 1353 2067 1520 Triginta et duo milia florenorum Sexingentos Septuaginta duos florenos
439 1429 2064 1608 Hungaricales remansimus ex hujusmodi racione debiti ac legittime obligati presentibus
452 1509 2059 1688 que tenemur et obligamur prout et de hujusmodi debito et summa singularem
458 1586 2114 1753 et simulem in arenda ipsa nostra fecimus mencionem et determinacionem Sed quia
434 1662 2062 1857 prelibati Georgius ac Magdalena Zupparii nostri plenam et omnimodam facultatem
432 1751 2087 1909 habent et obtinent Zuppas ipsas nostras Wyelicenses Bochnenses ac Russie dum
446 1822 2075 1986 eis placuerit resignandum ac de illis cedendum Ideo cupientes eosdem Zupparios
426 1902 2116 2073 nostros de summis per eos pro bono statu regni ac necessitate nostra expositis
434 1989 2095 2136 et consignatis in quibus post resignacionem et cessionem Zupparum nostrarum
441 2046 2107 2214 eisdem remānserimus debiti et oblligati assecurare et certos efficere in solucione
434 2153 2118 2292 omnes et singulas summas pecuniarias tam floꝝꝝ per nos dictis zupparis
436 2225 2096 2387 post resignacionem et dimissionem zupparis debitis et obligatis sive debendis
448 2297 2076 2448 ac quomodolibet obligandis In et super omnibus et singulis pecuniis florenis
439 2395 2086 2545 proventibus redditibus obvencionibus ex sale minuto in Zuppis nostris Wye
444 2485 2080 2601 licensibus et Bochnensibus quomodolibet provenientibus et ad nos spectantibus ad exte
432 2558 2063 2682 nuacionem defalcacionem et percepcionem hujusmodi summarum assignamus inscribimus
441 2638 2078 2769 et demonstramus tenore presencium mediante Quod quidem sal minutum in Zuppa
427 2716 2038 2834 Wyelicensi et Bochnensi jamdicti Zupparii nostri post resignacionem zupparum
423 2818 2068 2921 alias salis Bancati sive aliquali intermissione resignacione sine possessionis
436 2897 2055 3011 cessione cum omnibus et singulis juribus proventibus redditibus pecuniisque
442 2967 2045 3077 et florenis ex ipso provenientibus Notario nostro eis pro annotacione perceptorum
426 3042 2066 3154 hujusmodi coadjuncto et associato predicti Georgius et Magdalena Zupparii aut eorum
