2597 3500
546 466 2129 600 legittimi successores tenebunt habebunt percipient et pacifice possidebunt
555 546 2130 661 modo zuppariorum nostrorum et aliarum quaruncunque personarum ex quacunque necessitate
563 619 2144 737 impedimento et condiccione in his cessantibus tandiu quo ad usque prefatarum summarum
566 695 2128 814 plenam et integram percepcionem excussionem extenuacionem et defalcacionem Qua summa
580 755 2121 880 per memoratos zupparios nostros sive successores eorum sive alterum ipsorum sic de
574 828 2139 955 falcata extenuata et percepta possessio dicti salis minuti ad nos spectabit
565 899 2128 1024 et revertetur pleno jure Sed quia prelibati Georgius et Magdalena Zupparii nostri vigore
574 983 2158 1098 littere nostre per eos nobis restitute zuppas nostras Wyelicenses et Bochnenses proven
563 1060 2120 1178 tuum et reddituum salis bancati nec nobis nec cuipiam Zuppario nostro resignare
562 1123 2121 1249 aut de illis cedere debuerunt donec eis quatuor Milia florenorum et ducenti
560 1214 2108 1319 florenorum Hungaricalium puri auri et justi ponderis in summa triginta milium
568 1297 2107 1409 florenorum Mille quadraginta et quatuor florenos Hungaricales inclusa inserta et ꝯun̕ata
559 1368 2129 1497 per zupparium nostrum cui zuppas arendaverimus sive ad fideles manus
564 1432 2083 1563 easdem Zuppas dederimus fuissent persoluti Ideo et presentibus spondemus et
555 1507 2190 1634 promittimus quod a prelibatis Georgio et Magdalena Zupparis nostris sal bancatum in dictis
558 1600 2123 1713 Zuppis Wyelicensibus et Bochnensibus non alienabimus nec quovismodo auferemus
571 1675 2178 1799 tamdiu quousque Zupparius noster cui jamdictas zuppas salis bancati arendare
564 1760 2182 1868 aut ad fideles manus dare voluerimus duo milia et centum florenorum Hungaricalium
568 1838 2138 1933 jamdictis Georgio et Magdalena peratis persolvet De reliquis vero duobus milibus et
576 1912 2194 2034 centum florenorum in tribus mensibus post recepcionem possessionis dictarum zupparum
577 1995 2097 2104 salis bancati ipse Zupparius noster qui ad fideles manus aut in arenda
580 2061 2140 2170 ipsas zuppas habuerit aut per caucionem fidejussoriam sive per obligacionem
586 2150 2136 2254 et imposicionem vadiorum vel inscripcionem aut alio modo juxta beneplacitum
578 2214 2123 2333 ipsorum eosdem Georgium et Magdalenam antequam sal bancatum de possessione
583 2294 2148 2417 dimiserint tenebitur assecurare et certos in solucione efficere Quod ex quo
571 2379 2149 2502 prefati Zupparii Georgius et Magdalena Salaria personis ecclesiasticis et secularibus
588 2454 2128 2573 pro quatuor temporibus Sancte Crucis proxime venturi danda et solvenda
566 2530 2118 2629 in prelibato computo nobis ad racionem posuerunt Ideo et illos circa
580 2599 2114 2717 pacificam possessionem percepcionem et fruicionem Zupparum nostrarum Wyeliciensium
567 2695 2117 2810 Bochnensium et Russie in School usque ad festum Sancti Stanislai in
611 2759 2125 2892 autumpno proxime venturum et alias ipsorum arende expiracionem promittimus
605 2846 2104 2955 tenere et conservare Sed quia antefati Georgius et Magdalena Zupparii nonnullas
601 2921 2123 3069 litteras super sal minutum Bochnensis et Wyelicensis canentes nobis circa ipsam
611 3003 2119 3152 racionem restitutas a nobis habuere Ideo si aliquas litteras per obligacionem eorum
