2916 3742
328 190 2300 473 Ladislaus Dei gracia Hugarie Bohemie Dalmacie Croacie etc Rex dux
346 425 2318 532 Austrie Marchioque Moravie etc Significamus tenore presencium quibus expedit
348 481 2342 607 universis qualiter cupientes fidei orthodoxe et religionis reique publice christiane dila
374 561 2399 675 tacionem Regnorum quoque Hungarie Bohemie ac ceterorum dominiorum nostrorum statum pacificum
374 635 2398 761 et florentem procurare per sollennes nuncios et ambasiatores nostros reverendum patrem
360 707 2304 822 et Illustrem principem Johannem Episcopum Olomicensem Ottonem ducem Bavarie
331 773 2395 884 ac Nobiles viros Henricum de Rozemberg Reinpertum de Walse Henricum
329 834 2428 986 de Lippa marschalcum Bohemie Georgium de Crawar et Strasznuza Ulricum
330 898 2436 1033 de Eyczinger de Eyczingen Reinpertum de Eberstorff suppremum camerarum
331 974 2414 1108 ducatus nostri Austrie Stephanum Aloch Cancellarium ejusdem ducatus Stephanum
321 1045 2462 1194 de Wayda Sigismundum Eyczinger Volfgangum Hinderhalczer Osvaldum Reyholf
319 1123 2380 1257 avunculum et fideles nostros dilectos ad dietam Vratislaviensem pro die octava
310 1169 2387 1335 mensis augusti indictam cum plena auctoritate et mandato per nos transmissos
329 1230 2388 1428 fedus affinitatis et vere parentele atque amicicie cum serenissimo principe domino
350 1301 2406 1470 Kazimiro Dei gracia Polonie Rege magno duce Lithwanie et herede Russie fratre
336 1382 2415 1519 et genero nostro carissimo In quo et alti sanguinis prosapiam et magne fidei
324 1446 2448 1616 constanciam contemplamur de certa nostra sciencia et expressa voluntate inivimus susce
338 1502 2445 1701 pimus contraximus et presencium tenore inimus suscipimus et contrahimus per Illustrissimam
308 1577 2483 1758 principem virginem Elizabeth natam olim serenissimi principis domini Alberti Romanorum
322 1653 2411 1820 Hungarie et Bohemie Regis et ducis Austrie germanam nostram carissimam per
308 1743 2450 1901 nos predicto domino Kazimiro Regi Polonie et ejus coniugio effectualiter despon
321 1819 2426 1977 sandam et Recognoscentes publice et per expressum quod juxta Capitula et ordinacionem
302 1888 2493 2039 in predicta dieta Vratislaviensi per nostros prefatos et predicti domini Kazmiri Regis speciales
316 1975 2467 2095 nuncios reverendos videlicet patres dominos et Magnificos et Nobiles viros Johannem
324 2045 2389 2159 Wladislaviensem Andream Poznaniensem Episcopos Johannem de Czyszow Castellanum et Capitaneum
293 2116 2451 2247 Johannem de Thanczin pallatinum Cracoviensem Johannem de Conyeczpole Regni Polonie Cancellarium
321 2187 2500 2314 Derslaum de Rithwany Castellanum Rospergensem Andream Sakovicz Capitaneum Polocensem
289 2261 2446 2374 Johannem Nyemyrovicz et Petrum Zayanczek succamerarium Siradiensem tractata
339 2331 2463 2446 concordata et conclusa prefatam Illustrissimam Elizabeth sororem nostram in veram
327 2406 2440 2529 et legitimam predicti domini Kazmiri sponsam dedimus desponsavimus presenciumque tenore
341 2476 2479 2600 damus et desponsamus ipsam quoque pro die dominica Crastino post festum Purificacionis
333 2544 2453 2675 Marie proxime affuturo usque in Theschnensem Civitatem per nos aut nuncios
319 2605 2488 2721 nostros personaliter dante domino deducemus et predicto domino Kazmiro Regi aut
335 2685 2435 2832 suis nucciis illuc venturis consignabimus et reddemus consignareque et
317 2751 2428 2856 reddere tenore presencium astringimus absque omni difficultate excusacione vel
313 2823 2446 2943 mora ipsi domino Kazmiro Regi et ipsius thoro Regali per fedus et nexum
321 2895 2471 3013 matrimonii consociandam et dyademate insigniendam regali obligantes nos fedus
332 2957 2436 3082 predicte affinitatis matrimonii et parentele ac desponsacionem deduccionem rediccionem
325 3030 2443 3154 et consignacionem predictas sub pena centum millium florenorum custodire
336 3104 2406 3218 observare tenere et mandare execucioni effectuali In omnibus condiconibus
327 3170 2440 3280 atque punctis Datum Vienne duodecimo die mensis Augusti Anno Domini 1453 Coro
302 3239 1606 3349 nacione vero nostre Regni Hungarie etc quartodecimo
1595 3247 2411 3382 Ad nostra dat Regis Ste
1612 3329 2428 3462 phanus Olocensis Cancellarius
