2863 3689
819 2749 2112 2851 Olchowycz donatio perpetua riuuloruum rivulorum ad villam Krziwe
275 2794 2382 2913 In nominee nomine domini Amen Ad perpetuam rei memoriam Magnifica regum
336 2871 2424 2970 Auctoritas auctoritas litteris patenntibus patentibus consueuit consuevit graciosius roborare que suorum fidelium utilitatem
329 2937 2377 3030 respiciunt et perfectum profectum dent debent incoonwlsa inconwlsa perpetuis temporibus remanere Proinde Nos nos
348 3002 2444 3098 Kazimierus Kazimirus deigraciam Dei gracia Rex rex polonie Polonie Magnusdux magnus dux lithwanie Lithwanie Necnon necnon Terrarum terrarum Cracovie
335 3061 2443 3169 Sandomirie Siradie Lancicie Cuyawie Pomeranie Russieque dominus et
335 3125 2442 3248 heres etc et cetera Significamus tenorer tenore presencium universis quibus expedit presentibus
338 3191 2415 3312 et futuris Ad quorum noticiam presens pagina deuoluetur devolvetur Quomodo attendentes
