2916 3743
602 262 2669 401 Ratificacio litere littere nobilis Michaelis de Wirzchoslaw racione bonorum
1152 382 1723 450 Siradie iacentium
610 507 2403 647 In nomine Domini amen. Ad rei memoriam sempiternam. Ne
750 623 2415 699 error oblivionis gestis sub tempore versantibus pariat detrimenta
698 694 2306 776 alta regum et principum decreverunt consilia ea literarum litterarum
757 762 2362 839 apicibus et fidedignorum testimonio perhennare. Proinde nos
730 832 2313 902 Kazimirus Dei gracia rex Polonie, magnus dux Lithwanie
702 900 2438 972 necnon Cracovie, Sandomirie, Siradie, Lancicie, Cuyavie, Russie Prussie
716 969 2421 1067 que Chulmensis Konigsberiensis Elbingensis et Pomeranie terrarum
670 1037 2436 1107 dominus et heres. Significamus significamus tenore presencium quibus expedit
614 1097 2373 1191 universis presentibus et futuris harum noticiam habituris. Quod quomodo
726 1163 2462 1253 oblata nostre maiestate majestate pro parte nobilis Michaelis de Wirzchoslaw
668 1237 2439 1316 tum medio consiliariorum nostrorum protunc lateri nostre assistencium
735 1306 2415 1387 peticio continebat quantus privilegium suum sibi Michaeli super
743 1386 2428 1452 libertacionem bonorum in civitate nostra Siradiensi per eum habitoꝝ habitorum per
620 1459 2455 1530 olim serenissimum principem dominum dive remīscencie reminiscencie dominum Wladislaum
695 1519 2399 1602 Polonie et Ungarie regem germanum nostrum carissimum grōse generose
679 1592 2447 1678 Donatum donatum et gressum concessum cuiusquiɖ cujusquidem privilegii tenor de verbo ad
633 1660 2471 1755 verbum sequitur et etc̄. est talis In nomine Domini amen. Ad perpetuam
699 1726 2449 1820 rei memoriam Nos Wladislaus Dei gracia rex Ungarie Polonie
688 1802 2466 1885 Dalmacie Croacie Servie Rascie et cetera necnon Cracovie Sandomirie
682 1856 2467 1971 Siradie Lancicie Cuiavie Cuyavie Lithwanieque princeps supremus suppremus Russieque
700 1935 2480 2064 dominus er heres et cetera significamus tenore presencium quibus expedit
654 2000 2521 2099 universis presentibus et futuris presencium noticiam habituris. Quomodo
762 2081 2485 2164 attendentes grate fidelitatis obsequia studiosa nobilis Michaelis
765 2151 2532 2249 de Wirzchoslaw militis nostri fidelis quibus nostre maiestati majestati com
750 2220 2477 2320 placuit. Et signant̄ signanter in hoc Rex regno nostro Hungarie cum
728 2283 2493 2398 familia ornata gravibusque expensis et impensis, horum
752 2344 2566 2462 et aliorum serviciorum intuitu volentes ipsum graciarum nostrarum
741 2425 2521 2541 prosequi favoribus et ad obsequia nostra reddeere reddere prompcionem. Sibi sibi et
787 2502 2511 2620 sue consorti legittime Dorothee. Aliisque aliisque successoribus legitimis
703 2579 2505 2664 domum aream agros et macella maccella et alia quecunque bona, que
766 2644 2604 2791 per ipsam Dorotheem, Dorotheam suam consortem, ad eam in civitate nostra Siradie
735 2720 2553 2841 spectant a censibus exaccionibus solucoionibus solucionibus et aliis quibuscumque
668 2798 2599 2938 iuribus juribus vigiliis, oneribus dicte nostre civitatis libertamus libertamus
783 2870 2525 3028 et absolvimus perpetue et ineum in ewm Ita tn̄ tamen pro ipso Michael suique
