2916 3743
558 380 2421 715 . . . . . . . et .
761 1009 2477 1099 . . . . Johanne de . .
756 1087 2423 1175 et Capit capitaneo Cracorum Cracoviensi Johanne de oleſchunicza Oleschnicza sandomirensi Sandomiriensi
737 1159 2393 1266 Stanislao de ostrorog Ostorog Calisiensi Calischiensi Nicolao de Costzelecz Costrzelnecz
699 1224 2486 1399 Innowladum Puniwladensi palatinus palatinis Crzeslao Creczslao de Curodzwonki Curoszwonky lubliensi Lublinensi
740 1316 2447 1425 Derslao de Ruthwani Ruthwany Ruspien̄ Rusperiensi Castellanus castellanis Johanne Cu
746 1402 2435 1506 rophathnia ropathnia sucrisnio successorio lubliensi Lublinensi et aliis compluribus fide
743 1501 2441 1584 dignus dignis Datus Datum per manus magnific magnifici Johannique Johannis de Conyecz
721 1571 2514 1664 pole Cancellarij cancellarii et venerabilis Thome de Strzampino universas utras
692 1649 2450 1746 qʒ que familiis facultatis doctore et vicecancellarii Rei regni Publicae Polonie sincere
720 1735 1292 1824 vobis nobis dilectarum dilectorum
1601 1800 2510 1911 perbenedicti Reverendissimo Reverendi in Christo patris
1556 1903 2405 1989 domini Johannes Johannis episcopi wlosi Wladislaviensis
