1787 2575
98 324 1353 361 vel participij futuri temporis non ampliatur. patet quia respectu vnius
94 372 1342 412 differentie temporis tm~modo accipitur .s. futuri temporis. Et ratio re-
95 424 1352 461 gule est modus concipiendi taliter tales terminos a parte predicati po-
102 472 1343 511 sitos. vt dicendo meretrix generabitur puer. lij puer stat tm~modo ꝓ suo
93 523 1345 560 significato in ordine ad copulam de futuro. similiter meretrix est futura
97 574 1345 609 virgo lij virgo non ampliatur quia precise accipitur in ordine ad copula~
102 620 1348 659 de futuro. Et similiter dicendum est de termino a parte predicati capto re
101 671 1347 708 spectu verborum vel parcicipiorum preteriti temporis quia tm~modo
100 721 1352 758 tales accipientur pro te~pore preterito. vt dicit Mar. ¶ Quarta regula. ter
104 768 1345 807 minus captus a parte subiecti supponens respectu participij preteriti te~
95 813 1347 856 poris qd' est predicatum vel adiectiuum principalis predicati habens si
101 864 1349 906 gnificatum vel significata sibi correspondentia pro tempore preterito a~-
101 915 1345 955 pliatur ad supponendum pro eo qd est vł fuit. nisi restringatur ad vnam
99 964 1347 1003 differentiam temporis. vt viuum est mortuum. lij viuum ampliatur ad
94 1012 1349 1051 suppone~dum pro eo qd' est vel fuit viuum. et est propositio vera quia qd'
102 1061 1343 1101 est viuum vel qd' fuit viuum ante vnum annum. vt magister Johannes
100 1110 1343 1149 de Glogovia. nunc est mortuum. Et aduerte ꝙ si participium fuerit
102 1160 1348 1197 presentis preteriti temporis. vel adiectiuum principalis predicati et co-
99 1209 1344 1245 pula seu verborum futuri temporis. Subiectum ampliabitur ad ea que
95 1256 1347 1291 sunt fuerunt et erunt. Et hoc nisi tale subiectum restingatur. et si habeat
99 1303 1343 1342 significatum vel significata sibi pro illis differentijs temporum correspo~
101 1354 1341 1393 dentia vt lij homo in ista. homo erit mortuus ratione copule de futuro
97 1404 1350 1442 supponit indifferenter pro quolibet homine disiunctiue qui est vel qⁱ erit
97 1455 1344 1492 ratione vero predicati qd' est preteriti temporis participium supponit ꝓ
103 1501 1353 1541 quolibet homine disiunctiue qui fuit. Es sic eius sensus e~. qd' e~ homo vel
105 1549 1343 1589 qd' erit homo vel qd' fuit homo est mortuus. Et eodem modo dice~dum
103 1594 1339 1638 de subiecto respectu verbi p~teriti temporis et aprticipij futuri temporis
94 1642 1341 1687 supponente. vt homo fuit generandus. Et aduerte ꝙ singule dictarum re
95 1697 1351 1738 qularum particule sunt declarande sicut prima fuit declarata regula. ad iu~
107 1749 944 1786 ctis tribus conditionibus que prius posite sunt
98 1830 1348 1867 Contra arguit^ primo sic. respectu
97 1888 1346 1924 copule preteriti vel futuri temporis terminus non ampliatur. probatur
101 1935 1354 1972 sic quia nulla simplex copula est ampliatiua. sed tales copule sunt simpli-
101 1980 1348 2021 ces ergo non sunt ampliatiue. Maior quia terminus ampliatus debet
98 2026 1353 2071 capi respectu diuersarum copularum distinctas differentias temporum
108 2078 1351 2119 importantium. Minor patet quia si lij fuit incuderet copulam de pre-
106 2129 1347 2170 senti et de preterito. tunc illa de preterito similiter includeret de presenti ⁊
105 2180 1268 2220 de preterito. et sic infinitum qd' est scd'o metaphisice prohibitum.
