1753 2558
82 248 1370 326 Chimera est vel erit et tamen lij chimera non ampliatur. ex eo ꝙ no~ sup-
95 351 1367 424 ponit. Et tunc aliquis circa dicta instaret dicens no~ne communis fama
104 435 1369 506 dicit. talem terminum ampliari qui supponit proutmet concedis. et ex-
104 537 1367 612 ponitur tam per lij est q~ʒ per lij erit. quare non ampliatur. etiam apparet
112 624 1365 696 qd' hoc sit contra co~munem modum loquendi. ad illud. Dico ꝙ ad illud
107 718 1379 792 dictum me ratio non mouet. Nam prout anre ea determinaui. non suffi-
107 799 1374 876 cit terminum stare pro illo qd' est vel erit vel pro isto qd' est vel fuit. vł p~t
103 883 1369 970 esse. ad hoc ꝙ terminus ampliaretur. nam pari ratione sequerentur. ꝙ ter-
106 973 1373 1060 minus ampliaretur qui solum supponit pro hijs que sunt. cuius tamen
109 1075 1374 1143 oppositum omnes dicu~t Et conseque~tia tenet. quia non apparet maior
107 1151 1378 1231 ratio de vno q~ʒ de alio Cum igitur in dicta ꝓpositione. lij antichristus
104 1244 1376 1326 solum supponit pro hijs que erunt. vnde ꝓpter istam causam non am-
106 1335 1371 1417 plaitur. Scd'a ratio ad idem est illa. quia ampliatio conuenit termino re
108 1426 1374 1507 spectu suppositionis. vt declaratum est. Sed tali termino non conuenit
107 1512 1371 1593 suppositio respectu copule presentis temporis. cum non sit eius aliqd' si-
101 1594 1367 1674 gnificatum actu. de quo mediante copula presentis temporis verificetur
112 1694 1371 1781 qd' requiritur ad hoc ꝙ terminus supponat respectu copule de presenti.
103 1791 1365 1878 Tercia ratio est. quia si terminus nullum significatu~ haberet. nec qd' fuit
105 1882 1371 1974 nec qd' erit. tunc respectu huius copule erit non ampliabitur quia no~ sup
105 1984 1378 2061 ponit. Illo non obstante ꝙ sensus talis propositionis esset ille qui est
102 2086 1364 2147 vel erit antichristus erit. igitur pari ratione in proposito. cum habeat
1167 2154 1288 2200 H 3
