1765 2556
403 230 1666 294 illum terminum meritrix pro eo qd' est vel erit. per regulam dictam. ideo
403 309 1680 379 sensus e~. qd' e~ vel erit meritrix est futura virgo modo illud qd' erit meritrix
399 410 1673 477 est futura virgo. mulieres enim eru~t meretrices et sunt in futuro virgines
403 509 1676 577 Et sunt hec regule intelligende .s. quinta et quarta. quando tales termini
403 597 1692 679 ponuntur a parte subiecti. quia a parte predicati non supponent nec ꝓ
408 691 1664 773 hijs que erunt. si participium futuri temporis est. et propter hoc in ista
400 790 1670 865 meretrix est futura virgo lij virgo supponit pro virginibud que erunt. Et
404 893 1672 982 in illa puer est preteritus senex. lij senex non supponit pro hujs nisi qui fue
398 983 1663 1071 runt senes. et id potest probari sicut prius probatu~ fuit. ꝙ predicatum
407 1079 1668 1163 respectu copule preteriti temporis solum supponit pro hujs qui fuerunt
405 1161 1662 1244 Nota~dum tercio. ꝙ mar. i~ hac lr~a
411 1224 1660 1299 ponit primo scd'am regulam de apliatione subiecti ad verbu~ futuri te~-
415 1276 1668 1350 poris comparati que est. Omnis terminus supponens. positus a parte
408 1324 1656 1397 subiecti. respectu verbi futuri temporis qd' est copula principalis. vel in-
408 1372 1660 1444 cludens copulam principalem vel respectu participij futuri temporis qd'
407 1424 1659 1496 est predicatum vel adiectiuum principalis predicati. habens significatu~
420 1474 1660 1542 vel significata sibi correspondentiva pro tempore presenti et futuro. am-
411 1519 1652 1594 pliatur ad supponendum pro eo qd' est vł erit. nisi restringatur ad vnam
408 1569 1660 1644 differentiam temporis. Et dicitur a parte subiecti positus quia si a parte
407 1620 1657 1694 predicati poneretur respectu talis verbi vel participij non ampliaretur.
410 1667 1657 1740 et hoc est ex modo significandi talium verborum et participiorum vt di
408 1714 1664 1791 ctum est. Exemplum vt meritrix erit virgo lij meritrix ampliatur ad stan
409 1764 1651 1841 dum pro eo qd' e~ vel erit meritrix. que vera e~ ⁊c~ ijs. Dicitur nisi restringat^
403 1815 1657 1888 quia si restringeretur ad standum pro vna differentia temporis non am-
412 1859 1653 1938 pliaretur. ergo lij sor~ erit album. quia re-
404 1906 1651 1987 stringitur ad standum precise pro presenti tempore. Exemplum de parti-
402 1956 1658 2037 cipio vt homo est generandus. lij homo ampliatur ad supponendum ꝓ
399 2007 1656 2083 eo qd' e~ vel erit homo. Et ex isto patet declaratio quinte regule. ¶ Tercia
395 2057 1652 2136 regula est Terminus a parte predicati positus suppone~s respectu verbi
