1765 2556
400 197 1665 289 illum terminum meritrix pro eo qd' est vel erit. per regulam dictam. ideo
400 286 1679 376 sensus e~. qd' e~ vel erit meritrix est futura virgo modo illud qd' erit meritrix
396 393 1672 475 est futura virgo. mulieres enim eru~t meretrices et sunt in futuro virgines
400 494 1675 575 Et sunt hec regule intelligende .s. quinta et quarta. quando tales termini
402 570 1691 677 ponuntur a parte subiecti. quia a parte predicati non supponent nec ꝓ
406 668 1662 766 hijs que erunt. si participium futuri temporis est. et propter hoc in ista
397 769 1669 873 meretrix est futura virgo lij virgo supponit pro virginibud que erunt. Et
402 869 1671 982 in illa puer est preteritus senex. lij senex non supponit pro hujs nisi qui fue
396 964 1662 1069 runt senes. et id potest probari sicut prius probatu~ fuit. ꝙ predicatum
405 1060 1666 1158 respectu copule preteriti temporis solum supponit pro hujs qui fuerunt
402 1110 1661 1245 Nota~dum tercio. ꝙ mar. i~ hac lr~a
409 1199 1659 1299 ponit primo scd'am regulam de apliatione subiecti ad verbu~ futuri te~-
413 1255 1666 1346 poris comparati que est. Omnis terminus supponens. positus a parte
406 1300 1655 1397 subiecti. respectu verbi futuri temporis qd' est copula principalis. vel in-
406 1349 1659 1444 cludens copulam principalem vel respectu participij futuri temporis qd'
405 1398 1658 1499 est predicatum vel adiectiuum principalis predicati. habens significatu~
417 1455 1659 1544 vel significata sibi correspondentiva pro tempore presenti et futuro. am-
409 1502 1651 1594 pliatur ad supponendum pro eo qd' est vł erit. nisi restringatur ad vnam
406 1544 1659 1644 differentiam temporis. Et dicitur a parte subiecti positus quia si a parte
406 1597 1656 1689 predicati poneretur respectu talis verbi vel participij non ampliaretur.
407 1644 1656 1738 et hoc est ex modo significandi talium verborum et participiorum vt di
406 1692 1662 1786 ctum est. Exemplum vt meritrix erit virgo lij meritrix ampliatur ad stan
406 1742 1649 1838 dum pro eo qd' e~ vel erit meritrix. que vera e~ ⁊c~ ijs. Dicitur nisi restringat^
400 1794 1656 1884 quia si restringeretur ad standum pro vna differentia temporis non am-
409 1838 1652 1939 pliaretur. ergo lij sor~ erit album. quia re-
402 1888 1649 1986 stringitur ad standum precise pro presenti tempore. Exemplum de parti-
399 1935 1656 2040 cipio vt homo est generandus. lij homo ampliatur ad supponendum ꝓ
396 1985 1655 2084 eo qd' e~ vel erit homo. Et ex isto patet declaratio quinte regule. ¶ Tercia
392 2037 1651 2166 regula est Terminus a parte predicati positus suppone~s respectu verbi
