<?xml version='1.0' encoding='UTF-8'?>
<PcGts xmlns:xsi="http://www.w3.org/2001/XMLSchema-instance" xmlns="http://schema.primaresearch.org/PAGE/gts/pagecontent/2019-07-15" xsi:schemaLocation="http://schema.primaresearch.org/PAGE/gts/pagecontent/2019-07-15 http://schema.primaresearch.org/PAGE/gts/pagecontent/2019-07-15/pagecontent.xsd"><Metadata><Creator>prov=University of Rostock/Institute of Mathematics/CITlab|PLANET AI GmbH/Tobias Gruening/tobias.gruening@planet-ai.de:name=/net_tf/LA73_249_0mod360.pb:de.uros.citlab.segmentation.CITlab_LA_ML:v=2.6.7
Transkribus</Creator><Created>2022-03-28T11:45:25</Created><LastChange>2022-04-01T10:32:15</LastChange><Comments>
                Measurement unit: pixel
                PrimaryLanguage: 
                Producer: Transkribus
            </Comments></Metadata><Page imageFilename="GIELCZ-0142.jpg" imageHeight="2549" imageWidth="1809"><ReadingOrder><OrderedGroup caption="Regions reading order" id="ro_1648801935838"><RegionRefIndexed index="0" regionRef="r1"/></OrderedGroup></ReadingOrder><TextRegion custom="readingOrder {index:0;} structure {type:DocParagraf;}" id="r1" orientation="0.0"><Coords points="382,239 373,2176 1715,2176 1724,239"/><TextLine custom="readingOrder {index:0;}" id="r1l2"><Coords points="415,315 415,329 687,317 709,331 711,331 712,331 713,331 865,329 866,329 919,310 1075,307 1187,322 1188,322 1189,322 1231,305 1274,314 1276,314 1321,304 1352,314 1354,314 1355,314 1463,304 1487,314 1488,314 1490,314 1491,314 1521,305 1624,317 1626,317 1627,317 1684,301 1684,295 1681,236 1521,244 1493,233 1491,233 1437,233 1436,233 1350,247 1212,242 1211,242 1134,252 1049,239 1048,239 1046,239 1012,252 961,240 960,240 959,240 957,240 943,250 862,256 834,243 832,243 790,243 789,243 787,243 759,257 706,246 705,246 640,249 638,249 637,249 623,257 501,247 500,247 413,261 415,315"/><Baseline points="416,316 479,313 542,310 606,307 669,305 733,303 796,302 860,300 923,299 987,298 1050,298 1113,297 1177,297 1240,297 1304,296 1367,296 1431,296 1494,296 1558,296 1621,296 1685,296"/><TextEquiv><Unicode>verbi sub disiunctione ad presens. Ex ista regula infero corollarie suppo</Unicode></TextEquiv></TextLine><TextLine custom="readingOrder {index:1;}" id="r1l10"><Coords points="430,419 430,434 637,430 638,430 721,406 800,422 801,422 803,422 804,422 830,403 862,410 864,410 865,410 886,400 971,397 1082,396 1130,405 1131,405 1133,405 1154,395 1206,395 1239,407 1240,407 1242,407 1361,395 1402,402 1403,402 1405,402 1427,396 1444,405 1446,405 1447,405 1449,405 1450,405 1464,395 1503,405 1504,405 1505,405 1571,395 1673,402 1675,386 1673,335 1501,339 1473,329 1471,329 1470,329 1399,344 1276,345 1255,337 1253,337 1252,337 1250,337 1231,346 1097,345 1080,337 1079,337 1078,337 1018,346 994,339 993,339 991,339 896,342 895,342 855,356 810,344 808,344 807,344 806,344 759,355 699,349 698,349 640,358 596,349 594,349 593,349 563,359 497,352 495,352 427,356 430,419"/><Baseline points="432,420 494,413 556,408 618,403 680,398 743,395 805,392 867,389 929,387 991,385 1054,384 1116,383 1178,383 1240,383 1302,383 1365,383 1427,384 1489,385 1551,385 1613,386 1676,387"/><TextEquiv><Unicode>posito ꝙ Ioannes primo sit sciens. ita ꝙ nunq~ʒ ante ea fuit sciens. licet</Unicode></TextEquiv></TextLine><TextLine custom="readingOrder {index:2;}" id="r1l11"><Coords points="413,495 413,505 665,508 667,508 668,508 685,499 718,506 719,506 823,489 1096,487 1143,499 1144,499 1146,499 1147,499 1195,485 1228,485 1248,495 1249,495 1250,495 1284,489 1301,498 1303,498 1304,498 1388,487 1440,495 1442,495 1443,495 1466,485 1483,497 1484,497 1486,497 1487,497 1607,488 1660,494 1661,494 1663,494 1664,494 1678,485 1678,477 1677,434 1544,426 1542,426 1541,426 1520,437 1443,437 1388,419 1386,419 1385,419 1384,419 1382,419 1351,440 1273,440 1252,430 1250,430 1249,430 1181,438 1158,429 1157,429 1155,429 1087,431 1070,424 1069,424 1068,424 998,433 932,423 930,423 929,423 866,438 798,423 797,423 684,426 682,426 638,444 623,437 621,437 620,437 619,437 583,447 549,440 548,440 495,453 446,453 412,440 413,495"/><Baseline points="414,496 477,492 540,488 603,485 667,482 730,480 793,478 857,477 920,476 983,475 1047,475 1110,475 1173,475 1236,475 1300,475 1363,476 1426,476 1490,477 1553,478 1616,478 1680,478"/><TextEquiv><Unicode>anre ea fuerit Ioh'. hec est vera sciens fuit Ioannes. probatur quia sciens</Unicode></TextEquiv></TextLine><TextLine custom="readingOrder {index:3;}" id="line_1648801440099_455"><Coords points="410,580 410,600 609,600 609,599 610,599 631,589 660,594 661,594 709,587 732,597 733,597 735,599 779,599 779,597 780,597 827,583 868,596 869,596 871,596 872,596 906,583 974,590 976,590 977,590 993,582 1180,582 1195,591 1197,591 1198,591 1199,591 1201,591 1243,580 1316,580 1334,593 1335,593 1337,593 1338,593 1395,583 1415,593 1416,593 1418,593 1419,593 1450,584 1484,591 1486,591 1487,591 1525,580 1585,591 1586,591 1667,577 1667,572 1663,519 1623,531 1381,531 1331,522 1330,522 1290,531 1092,523 1090,523 1000,532 988,525 987,525 985,525 824,525 823,525 766,535 626,526 624,526 623,526 593,538 409,538 410,580"/><Baseline points="412,582 426,582 495,581 564,580 633,579 702,578 771,577 840,576 909,575 978,573 1047,572 1116,571 1185,570 1254,570 1323,569 1392,569 1461,570 1530,570 1599,572 1668,573"/><TextEquiv><Unicode>qd' est subiectum appellat scientiam adiacere Ioanni pro tempore prete-</Unicode></TextEquiv></TextLine><TextLine custom="readingOrder {index:4;}" id="r1l18"><Coords points="426,676 426,693 654,693 706,682 818,682 878,692 879,692 881,692 882,692 899,681 1063,691 1065,691 1127,678 1262,688 1263,688 1415,675 1433,685 1435,685 1436,685 1437,685 1463,675 1501,675 1528,686 1529,686 1531,686 1532,686 1562,676 1674,685 1675,664 1673,616 1405,624 1384,616 1382,616 1381,616 1229,617 1228,617 1206,624 1126,617 1124,617 1073,627 1056,618 1055,618 1002,618 1001,618 1000,618 998,618 983,628 909,620 908,620 906,620 905,620 893,628 841,621 840,621 796,630 709,621 708,621 706,621 678,631 600,623 599,623 597,623 596,623 585,631 546,625 545,625 543,625 542,625 529,634 424,634 426,676"/><Baseline points="427,677 489,675 551,674 614,673 676,671 739,670 801,669 864,668 926,668 989,667 1051,666 1113,666 1176,666 1238,665 1301,665 1363,665 1426,665 1488,665 1551,665 1613,665 1676,665"/><TextEquiv><Unicode>rito sub disiuncione ad presens. ideo sensus est. qd' in tempore presenti</Unicode></TextEquiv></TextLine><TextLine custom="readingOrder {index:5;}" id="r1l22"><Coords points="429,787 535,787 535,785 536,785 551,778 713,784 715,784 716,784 739,776 831,784 832,784 834,784 859,773 923,781 925,781 926,781 927,781 943,771 1114,771 1392,780 1393,780 1476,768 1664,778 1665,778 1667,778 1685,768 1685,757 1684,717 1304,709 1303,709 1301,709 1276,717 1087,710 1086,710 1085,710 1065,719 1046,712 1045,712 1044,712 1042,712 1025,720 910,712 909,712 844,722 773,713 772,713 620,723 551,715 549,715 502,723 492,716 491,716 490,716 488,716 487,716 461,723 429,717 429,766 429,787"/><Baseline points="430,767 492,767 555,766 618,766 681,766 744,765 806,765 869,764 932,763 995,763 1058,762 1120,761 1183,761 1246,760 1309,759 1372,759 1434,759 1497,758 1560,758 1623,758 1686,759"/><TextEquiv><Unicode>habet scientiam. vel in preterito habuit scientiam fuit Ioh'. modo pro-</Unicode></TextEquiv></TextLine><TextLine custom="readingOrder {index:6;}" id="r1l25"><Coords points="429,859 429,879 497,869 551,877 552,877 749,866 831,873 832,873 834,873 862,863 980,872 981,872 1029,862 1053,872 1055,872 1056,872 1058,872 1093,860 1235,860 1252,868 1253,868 1255,868 1256,868 1284,859 1341,866 1342,866 1344,866 1368,859 1385,868 1386,868 1388,868 1389,868 1418,859 1681,859 1682,845 1680,804 1563,797 1562,797 1493,804 1433,798 1432,798 1430,798 1410,805 1340,800 1338,800 1304,807 1199,801 1198,801 1161,808 1136,802 1134,802 1133,802 1053,810 967,804 966,804 929,811 855,805 854,805 801,814 427,814 429,859"/><Baseline points="430,860 492,858 555,856 618,855 680,854 743,853 806,852 868,851 931,851 994,850 1057,850 1119,849 1182,849 1245,849 1307,849 1370,848 1433,848 1495,848 1558,847 1621,847 1684,846"/><TextEquiv><Unicode>positum patet. ꝙ illud qd' in tempore presenti habet scientiam fuit Ioan</Unicode></TextEquiv></TextLine><TextLine custom="readingOrder {index:7;}" id="r1l28"><Coords points="424,945 424,962 539,961 596,951 695,951 711,961 712,961 713,961 715,961 716,961 753,951 787,961 789,961 790,961 842,951 950,951 1055,961 1056,961 1058,961 1059,961 1072,953 1129,957 1130,957 1131,957 1133,957 1146,950 1316,950 1331,960 1333,960 1334,960 1335,960 1637,958 1681,948 1682,943 1681,902 1535,902 1517,892 1515,892 1514,892 1512,892 1486,900 1289,893 1287,893 1239,900 1192,892 1191,892 1061,902 1031,893 1029,893 943,893 942,893 940,893 920,902 896,893 895,893 818,893 817,893 743,902 719,893 718,893 716,893 596,900 552,893 551,893 423,903 424,945"/><Baseline points="425,947 491,945 557,944 623,942 690,941 756,941 822,940 888,940 955,940 1021,940 1087,940 1153,940 1220,941 1286,941 1352,942 1418,942 1485,943 1551,943 1617,943 1684,944"/><TextEquiv><Unicode>nes igitur hec est vera. sciens fuit Ioannes. Tenet consequentia. antece-</Unicode></TextEquiv></TextLine><TextLine custom="readingOrder {index:8;}" id="r1l31"><Coords points="426,1060 640,1055 658,1063 660,1063 661,1063 662,1063 687,1053 800,1053 848,1062 849,1062 851,1062 852,1062 868,1053 940,1053 1017,1062 1018,1062 1019,1062 1049,1052 1079,1060 1080,1060 1082,1060 1131,1053 1147,1060 1148,1060 1150,1060 1202,1053 1212,1060 1214,1060 1215,1060 1216,1060 1280,1053 1310,1060 1311,1060 1313,1060 1314,1060 1337,1052 1357,1060 1358,1060 1359,1060 1361,1060 1362,1060 1375,1050 1429,1059 1430,1059 1432,1059 1447,1052 1463,1059 1464,1059 1466,1060 1561,1060 1561,1059 1562,1059 1592,1050 1622,1059 1623,1059 1624,1059 1681,1047 1682,1038 1681,998 1566,989 1565,989 1463,998 1410,989 1409,989 1355,1001 1172,1001 1153,992 1151,992 1150,992 1082,999 1049,991 1048,991 1046,991 1045,991 1010,1001 895,992 893,992 892,992 891,992 878,1002 824,1002 750,992 749,992 747,992 722,1002 694,994 692,994 691,994 514,1001 426,994 426,1043 426,1060"/><Baseline points="427,1044 489,1044 552,1044 615,1043 678,1043 741,1043 804,1043 866,1043 929,1042 992,1042 1055,1042 1118,1042 1181,1042 1244,1041 1306,1041 1369,1041 1432,1041 1495,1040 1558,1040 1621,1039 1684,1039"/><TextEquiv><Unicode>dens de omnibus suis partibus patet. pro prima parte em~ manifestum</Unicode></TextEquiv></TextLine><TextLine custom="readingOrder {index:9;}" id="r1l34"><Coords points="420,1128 420,1148 492,1148 492,1147 494,1147 514,1138 543,1145 545,1145 546,1145 593,1138 607,1147 609,1147 610,1147 611,1147 613,1147 631,1138 776,1138 796,1147 797,1147 798,1147 800,1147 830,1138 871,1145 872,1145 936,1138 953,1147 954,1147 956,1147 957,1147 983,1138 1027,1147 1028,1147 1097,1139 1150,1147 1151,1147 1681,1139 1682,1127 1678,1087 1629,1088 1616,1081 1614,1081 1613,1081 1612,1081 1562,1088 1551,1080 1549,1080 1548,1080 1501,1080 1500,1080 1498,1080 1470,1087 1440,1080 1439,1080 1437,1080 1436,1080 1435,1080 1423,1088 1300,1088 1161,1080 1160,1080 1158,1080 1157,1080 1143,1090 976,1090 910,1080 909,1080 908,1080 906,1080 893,1090 844,1090 825,1080 824,1080 757,1080 756,1080 755,1080 753,1080 742,1088 641,1088 593,1080 592,1080 531,1088 439,1080 437,1080 436,1080 419,1087 420,1128"/><Baseline points="422,1129 485,1129 548,1129 611,1129 674,1129 737,1129 800,1129 863,1129 926,1129 989,1129 1052,1129 1115,1129 1178,1129 1241,1129 1304,1129 1367,1129 1430,1129 1493,1129 1556,1129 1619,1129 1683,1128"/><TextEquiv><Unicode>est per casum. et de. Sed alia pars puta ꝙ lij sciens appellat scientiam</Unicode></TextEquiv></TextLine><TextLine custom="readingOrder {index:10;}" id="r1l35"><Coords points="1684,1181 1568,1185 1464,1175 1463,1175 1382,1182 1348,1173 1347,1173 1345,1173 1297,1181 1269,1172 1267,1172 1266,1172 1198,1181 1184,1171 1182,1171 1181,1171 1180,1171 1034,1176 1022,1169 1021,1169 1019,1169 1018,1169 1017,1169 988,1178 915,1171 913,1171 811,1176 746,1176 733,1166 732,1166 730,1166 729,1166 728,1166 702,1175 609,1166 607,1166 549,1173 478,1165 477,1165 475,1165 454,1172 422,1162 420,1210 420,1233 502,1233 502,1232 504,1232 521,1223 573,1233 575,1233 653,1226 718,1234 719,1234 781,1227 794,1236 796,1236 797,1236 798,1236 1049,1229 1344,1232 1357,1241 1358,1241 1359,1241 1361,1241 1490,1234 1528,1234 1541,1243 1542,1243 1544,1243 1545,1243 1580,1236 1682,1240 1685,1224 1684,1181"/><Baseline points="421,1212 484,1213 547,1215 610,1216 674,1217 737,1218 800,1218 863,1219 927,1219 990,1220 1053,1220 1116,1220 1180,1221 1243,1221 1306,1221 1369,1222 1433,1222 1496,1223 1559,1224 1622,1225 1686,1226"/><TextEquiv><Unicode>adiacere Ioanni pro tempore verbi sub disiuncione ad presens. patet ꝑ</Unicode></TextEquiv></TextLine><TextLine custom="readingOrder {index:11;}" id="r1l36"><Coords points="416,1335 759,1338 760,1338 827,1331 874,1339 875,1339 956,1331 974,1339 976,1339 977,1339 1041,1332 1114,1341 1116,1341 1117,1341 1148,1332 1238,1332 1263,1342 1265,1342 1266,1342 1338,1335 1362,1342 1364,1342 1365,1342 1367,1342 1368,1342 1384,1333 1463,1333 1546,1342 1548,1342 1633,1335 1677,1343 1680,1326 1678,1282 1551,1277 1549,1277 1495,1285 1478,1277 1477,1277 1476,1277 1423,1282 1386,1275 1385,1275 1325,1284 1265,1275 1263,1275 1262,1275 1246,1284 1068,1284 978,1273 977,1273 976,1273 943,1281 902,1273 900,1273 854,1281 840,1271 838,1271 837,1271 835,1271 675,1280 651,1271 650,1271 648,1271 647,1271 630,1280 589,1273 587,1273 524,1278 509,1270 508,1270 507,1270 505,1270 454,1278 419,1268 417,1318 416,1335"/><Baseline points="419,1319 482,1320 545,1321 608,1321 671,1321 734,1322 797,1322 860,1322 923,1322 986,1322 1050,1322 1113,1322 1176,1323 1239,1323 1302,1323 1365,1324 1428,1324 1491,1325 1554,1326 1617,1327 1681,1328"/><TextEquiv><Unicode>regulam positam. Scd'o ex hoc infero. ꝙ hec consequentia no~ valet scie~s</Unicode></TextEquiv></TextLine><TextLine custom="readingOrder {index:12;}" id="r1l37"><Coords points="420,1403 422,1426 449,1416 468,1426 470,1426 471,1426 538,1416 607,1416 621,1426 623,1426 624,1426 626,1426 627,1426 657,1417 674,1426 675,1426 677,1426 752,1417 769,1426 770,1426 772,1426 773,1426 789,1420 841,1427 842,1427 1027,1417 1069,1428 1070,1428 1072,1428 1073,1428 1100,1418 1382,1427 1384,1427 1385,1427 1409,1420 1432,1430 1433,1430 1435,1430 1480,1421 1573,1430 1575,1430 1576,1430 1599,1421 1637,1427 1639,1427 1680,1418 1681,1409 1678,1362 1444,1369 1406,1362 1405,1362 1403,1362 1376,1369 1355,1360 1354,1360 1352,1360 1304,1367 1192,1360 1191,1360 1189,1360 1172,1369 1053,1369 963,1359 861,1359 859,1359 858,1359 857,1359 845,1366 420,1360 420,1403"/><Baseline points="421,1404 484,1404 547,1404 610,1404 673,1405 736,1405 799,1406 862,1406 925,1407 988,1407 1051,1408 1114,1408 1177,1409 1240,1409 1303,1410 1366,1410 1429,1410 1492,1410 1555,1410 1618,1410 1682,1410"/><TextEquiv><Unicode>fuit Ioh'. ergo Ioannes fuit sciens. nam antecede~s in casu posito potest</Unicode></TextEquiv></TextLine><TextLine custom="readingOrder {index:13;}" id="r1l38"><Coords points="407,1492 406,1508 587,1516 589,1516 590,1516 619,1508 755,1519 756,1519 832,1510 903,1520 905,1520 950,1512 985,1522 987,1522 988,1522 1191,1516 1218,1525 1219,1525 1221,1525 1311,1519 1334,1526 1335,1526 1337,1526 1338,1526 1361,1518 1375,1526 1376,1526 1378,1526 1379,1526 1381,1526 1416,1518 1476,1526 1477,1526 1478,1526 1507,1519 1568,1526 1569,1526 1682,1519 1684,1508 1682,1461 1537,1460 1535,1460 1534,1460 1491,1471 1471,1461 1470,1461 1469,1461 1467,1461 1443,1469 1388,1462 1386,1462 1272,1468 1236,1458 1235,1458 1233,1458 1232,1458 1204,1467 903,1465 868,1452 866,1452 865,1452 796,1462 780,1452 779,1452 777,1452 776,1452 718,1461 674,1451 672,1451 583,1458 485,1447 484,1447 407,1457 407,1492"/><Baseline points="409,1493 472,1494 536,1496 600,1497 664,1499 728,1500 791,1501 855,1502 919,1503 983,1505 1047,1505 1110,1506 1174,1507 1238,1508 1302,1509 1366,1509 1429,1509 1493,1510 1557,1510 1621,1510 1685,1509"/><TextEquiv><Unicode>esse verum. vt iam est probatum. et tamen consequens in eodem casu est</Unicode></TextEquiv></TextLine><TextLine custom="readingOrder {index:14;}" id="r1l39"><Coords points="417,1581 416,1597 886,1611 888,1611 943,1603 963,1612 964,1612 966,1612 994,1607 1053,1614 1055,1614 1102,1605 1121,1614 1123,1614 1124,1614 1187,1607 1208,1615 1209,1615 1211,1615 1410,1610 1473,1620 1474,1620 1681,1611 1682,1598 1682,1554 1630,1550 1629,1550 1582,1560 1525,1549 1524,1549 1483,1557 1471,1549 1470,1549 1469,1549 1467,1549 1429,1554 1384,1547 1382,1547 1381,1547 1361,1556 1348,1547 1347,1547 1345,1547 1344,1547 1342,1547 1323,1557 1263,1557 1242,1547 1240,1547 1239,1547 1157,1554 1059,1546 1058,1546 951,1552 864,1540 862,1540 675,1547 633,1536 631,1536 630,1536 536,1546 498,1535 497,1535 417,1533 417,1581"/><Baseline points="418,1583 481,1584 544,1585 607,1586 671,1587 734,1588 797,1589 860,1590 924,1592 987,1592 1050,1594 1113,1594 1177,1595 1240,1596 1303,1597 1366,1597 1430,1598 1493,1598 1556,1599 1619,1599 1683,1599"/><TextEquiv><Unicode>falsum. probatur. quia lij sciens ponitur a parte predicati respectu verbi</Unicode></TextEquiv></TextLine><TextLine custom="readingOrder {index:15;}" id="r1l40"><Coords points="413,1690 478,1686 490,1693 491,1693 492,1693 580,1695 582,1695 583,1695 610,1685 643,1695 644,1695 645,1695 647,1695 672,1685 682,1692 684,1692 685,1692 687,1692 743,1686 762,1695 763,1695 764,1695 766,1695 783,1686 797,1696 798,1696 800,1696 849,1697 851,1697 852,1697 872,1688 886,1697 888,1697 889,1697 891,1697 971,1690 1066,1699 1068,1699 1069,1699 1092,1689 1134,1689 1188,1700 1189,1700 1518,1693 1571,1704 1572,1704 1712,1693 1714,1685 1712,1641 1578,1642 1522,1629 1450,1629 1449,1629 1393,1639 1362,1629 1361,1629 1359,1629 1301,1639 1270,1627 1269,1627 1267,1627 1154,1638 1134,1625 1133,1625 1131,1625 1130,1625 1129,1625 1085,1637 1058,1625 1056,1625 1055,1625 855,1635 813,1622 811,1622 750,1622 749,1622 747,1622 746,1622 729,1634 674,1625 672,1625 628,1632 541,1620 539,1620 454,1631 416,1618 415,1672 413,1690"/><Baseline points="416,1673 484,1673 552,1673 621,1673 689,1674 757,1674 826,1674 894,1675 962,1675 1031,1676 1099,1677 1168,1678 1236,1678 1304,1679 1373,1680 1441,1681 1509,1682 1578,1684 1646,1685 1715,1686"/><TextEquiv><Unicode>preteriti temporis ipsum appellat scientiam adiacere Ioanni. ideo ꝙ Io</Unicode></TextEquiv></TextLine><TextLine custom="readingOrder {index:16;}" id="r1l41"><Coords points="419,1760 419,1777 498,1770 702,1781 704,1781 705,1781 722,1772 749,1781 750,1781 752,1781 815,1772 838,1782 840,1782 841,1782 888,1774 1041,1782 1042,1782 1218,1777 1266,1787 1267,1787 1673,1782 1674,1772 1674,1733 1661,1724 1660,1724 1658,1724 1657,1724 1572,1733 1555,1724 1554,1724 1552,1724 1515,1731 1503,1723 1501,1723 1500,1723 1498,1723 1395,1731 1256,1720 1255,1720 1119,1729 1072,1719 1070,1719 1017,1726 1007,1719 1005,1719 1004,1719 1002,1719 943,1724 929,1717 927,1717 926,1717 925,1717 895,1726 871,1719 869,1719 868,1719 866,1719 851,1726 830,1716 828,1716 827,1716 825,1716 806,1724 773,1717 772,1717 770,1717 742,1724 645,1724 634,1716 633,1716 631,1716 630,1716 628,1716 609,1723 536,1714 535,1714 419,1717 419,1760"/><Baseline points="420,1761 482,1762 545,1763 608,1763 671,1764 733,1764 796,1765 859,1765 922,1765 984,1766 1047,1766 1110,1766 1173,1767 1235,1767 1298,1768 1361,1768 1424,1769 1486,1770 1549,1771 1612,1772 1675,1773"/><TextEquiv><Unicode>annes in tꝑe preterito habuit scientiam. cum illud idem predicatum ap</Unicode></TextEquiv></TextLine><TextLine custom="readingOrder {index:17;}" id="r1l42"><Coords points="412,1853 410,1876 539,1866 691,1880 692,1880 747,1869 783,1880 784,1880 786,1880 787,1880 828,1869 865,1882 866,1882 868,1882 869,1882 910,1870 927,1882 929,1882 930,1882 932,1882 933,1882 946,1876 971,1883 973,1883 974,1884 1035,1884 1035,1883 1036,1883 1062,1873 1164,1880 1165,1880 1167,1880 1189,1873 1216,1884 1218,1884 1219,1884 1344,1874 1362,1886 1364,1886 1365,1886 1367,1886 1422,1876 1532,1876 1674,1887 1677,1866 1674,1818 1612,1825 1355,1815 1354,1815 1276,1823 1163,1823 1151,1815 1150,1815 1148,1815 1147,1815 1146,1815 1120,1822 834,1821 766,1812 764,1812 708,1818 653,1808 651,1808 560,1816 545,1806 543,1806 542,1806 541,1806 412,1815 412,1853"/><Baseline points="413,1854 476,1855 539,1856 602,1856 666,1857 729,1858 792,1859 855,1859 919,1860 982,1861 1045,1861 1108,1862 1172,1862 1235,1863 1298,1863 1361,1864 1425,1864 1488,1865 1551,1866 1614,1866 1678,1867"/><TextEquiv><Unicode>pellat suam formam pro tempore preterito. modo hoc no~ est verum in </Unicode></TextEquiv></TextLine><TextLine custom="readingOrder {index:18;}" id="r1l43"><Coords points="420,1957 420,1972 572,1968 597,1976 599,1976 600,1976 602,1976 636,1968 735,1976 736,1976 814,1969 862,1983 864,1983 865,1985 937,1985 937,1983 939,1983 940,1983 953,1974 995,1983 997,1983 1049,1972 1127,1982 1129,1982 1187,1974 1208,1985 1209,1985 1211,1986 1276,1986 1276,1985 1277,1985 1279,1985 1294,1975 1311,1986 1313,1986 1314,1986 1316,1986 1412,1983 1413,1983 1437,1974 1471,1986 1473,1986 1474,1986 1562,1976 1656,1983 1657,1983 1658,1983 1660,1983 1673,1974 1674,1965 1671,1914 1495,1924 1463,1913 1461,1913 1460,1913 1259,1923 1216,1911 1215,1911 1214,1911 1080,1921 929,1921 898,1910 896,1910 895,1910 854,1917 825,1908 824,1908 823,1908 711,1910 709,1910 708,1910 694,1918 626,1908 624,1908 572,1915 542,1907 541,1907 539,1907 538,1907 519,1917 420,1910 420,1957"/><Baseline points="422,1958 484,1958 547,1959 609,1959 672,1960 735,1961 797,1961 860,1962 923,1962 985,1963 1048,1963 1111,1964 1173,1964 1236,1965 1299,1965 1361,1966 1424,1966 1487,1966 1549,1966 1612,1966 1675,1966"/><TextEquiv><Unicode>isto casu. Et sic est falsa illa Ioannes fuit sciens. quare patet ꝙ Corolla-</Unicode></TextEquiv></TextLine><TextLine custom="readingOrder {index:19;} textStyle {offset:63; length:1;fontSize:0.0; kerning:0; superscript:true;}" id="r1l44"><Coords points="413,2054 413,2077 488,2076 490,2076 531,2064 662,2064 681,2073 682,2073 684,2073 685,2073 712,2064 736,2074 738,2074 739,2074 740,2074 774,2064 844,2064 868,2076 869,2076 871,2076 913,2067 998,2076 1000,2076 1001,2076 1002,2076 1018,2066 1134,2073 1136,2073 1238,2064 1293,2064 1318,2076 1320,2076 1321,2076 1398,2066 1412,2076 1413,2076 1415,2076 1416,2077 1521,2077 1521,2076 1522,2076 1548,2066 1674,2063 1675,2054 1673,2013 1350,2005 1348,2005 1347,2005 1323,2012 1267,2005 1266,2005 1265,2005 1249,2013 1058,2013 1046,2005 1045,2005 1044,2005 956,2005 954,2005 874,2012 835,2005 834,2005 747,2012 692,2005 691,2005 689,2005 688,2005 678,2013 570,2013 539,2005 538,2005 536,2005 535,2005 534,2005 522,2012 436,2006 434,2006 433,2006 412,2013 413,2054"/><Baseline points="414,2055 477,2054 540,2054 603,2054 666,2054 729,2054 792,2054 855,2054 918,2055 981,2055 1045,2056 1108,2056 1171,2057 1234,2057 1297,2057 1360,2058 1423,2058 1486,2058 1549,2057 1612,2057 1676,2056"/><TextEquiv><Unicode>rium est verum .s. ꝙ consequentia no~ valet sciens fuit Ioh'. go. Io. fuit scie~s</Unicode></TextEquiv></TextLine><TextLine custom="readingOrder {index:20;}" id="r1l45"><Coords points="403,2146 402,2197 451,2217 453,2217 454,2219 647,2219 647,2217 648,2217 715,2193 769,2217 770,2217 772,2217 773,2217 886,2177 919,2190 920,2190 922,2190 923,2190 947,2182 1007,2206 1008,2206 1010,2206 1080,2199 1093,2207 1095,2207 1096,2207 1097,2207 1099,2207 1180,2179 1245,2179 1279,2199 1280,2199 1282,2199 1283,2199 1284,2199 1320,2180 1422,2179 1521,2202 1522,2202 1524,2202 1555,2186 1670,2177 1671,2149 1670,2110 1442,2104 1440,2104 1439,2104 1413,2112 1359,2105 1358,2105 1228,2112 1204,2105 1202,2105 1201,2105 1165,2112 1103,2104 1102,2104 1041,2112 1008,2104 1007,2104 1005,2104 903,2110 852,2102 851,2102 849,2102 823,2112 630,2112 616,2102 614,2102 613,2102 611,2102 577,2110 538,2102 536,2102 495,2111 422,2102 420,2102 419,2102 403,2110 403,2146"/><Baseline points="404,2148 467,2149 530,2150 594,2151 657,2152 721,2153 784,2154 847,2155 911,2157 974,2158 1038,2159 1101,2159 1164,2160 1228,2160 1291,2160 1355,2160 1418,2159 1481,2158 1545,2156 1608,2153 1672,2151"/><TextEquiv><Unicode>Et causa est quare non valet. quia in casu predicto antecedens est verum</Unicode></TextEquiv></TextLine><TextEquiv><Unicode>verbi sub disiunctione ad presens. Ex ista regula infero corollarie suppo
posito ꝙ Ioannes primo sit sciens. ita ꝙ nunq~ʒ ante ea fuit sciens. licet
anre ea fuerit Ioh'. hec est vera sciens fuit Ioannes. probatur quia sciens
qd' est subiectum appellat scientiam adiacere Ioanni pro tempore prete-
rito sub disiuncione ad presens. ideo sensus est. qd' in tempore presenti
habet scientiam. vel in preterito habuit scientiam fuit Ioh'. modo pro-
positum patet. ꝙ illud qd' in tempore presenti habet scientiam fuit Ioan
nes igitur hec est vera. sciens fuit Ioannes. Tenet consequentia. antece-
dens de omnibus suis partibus patet. pro prima parte em~ manifestum
est per casum. et de. Sed alia pars puta ꝙ lij sciens appellat scientiam
adiacere Ioanni pro tempore verbi sub disiuncione ad presens. patet ꝑ
regulam positam. Scd'o ex hoc infero. ꝙ hec consequentia no~ valet scie~s
fuit Ioh'. ergo Ioannes fuit sciens. nam antecede~s in casu posito potest
esse verum. vt iam est probatum. et tamen consequens in eodem casu est
falsum. probatur. quia lij sciens ponitur a parte predicati respectu verbi
preteriti temporis ipsum appellat scientiam adiacere Ioanni. ideo ꝙ Io
annes in tꝑe preterito habuit scientiam. cum illud idem predicatum ap
pellat suam formam pro tempore preterito. modo hoc no~ est verum in 
isto casu. Et sic est falsa illa Ioannes fuit sciens. quare patet ꝙ Corolla-
rium est verum .s. ꝙ consequentia no~ valet sciens fuit Ioh'. go. Io. fuit scie~s
Et causa est quare non valet. quia in casu predicto antecedens est verum</Unicode></TextEquiv></TextRegion><SeparatorRegion custom="readingOrder {index:1;}" id="r_8"><Coords points="62,2504 1809,2504 1809,2549 62,2549"/></SeparatorRegion><SeparatorRegion custom="readingOrder {index:2;}" id="r_9"><Coords points="0,0 78,0 78,2549 0,2549"/></SeparatorRegion></Page></PcGts>