1771 2557
95 231 1365 315 nam talis terminus supponit pro suis significatis que erunt ergo non
92 330 1355 403 ampliari. consequentia tenet. ꝑ diffinitionem ampliationis. et antecedens
92 426 1367 495 potest declarari eodem modo sicut declaratum fuit in notabili prime re-
89 508 1350 581 gule. vbi dicebatur ꝙ terminus a parte predicati captus respectu verbi
89 598 1374 679 preteriti tꝑis solum supponit ꝓ hijs que fuerunt. Quarta regula. termi-
96 704 1358 777 nus captus respectu participij p~teriti temporis ampliat^ ad suppone~du~
93 792 1354 863 pro suis s'catis que sunt vel fuerunt. et ꝓpter hoc in illa homo e~ genitus.
86 877 1351 973 lij homo ampliatur aliud pro suis significatis que sunt vel fuerunt. ⁊ ideo
sensus eius est qd' e~ vel fuit homo e~ genitum. Et ex hac regula infero Co-
100 1066 1353 1136 rollarie. ꝙ hec e~ vera. homo e~ mortuus. probat^ quia lij mortuus e~ parti-
85 1156 1361 1227 cipium preteriti temporis ideo ampliat hunc terminum homo ad sup-
89 1245 1357 1318 ponendum pro suis significatis que sunt vel fueru~t. Ideo iuxta regulam
92 1342 1355 1419 positam sensus e~. qd' e~ vel fuit homo e~ mortuus. quia aliqd' tale fuit viuu~.
99 1430 1357 1501 et modo no est puta Adam vel homo qui vltra annum est mortuus.
96 1517 1361 1606 Quinta regula. terminus captus respectu participij futuri temporis am
90 1609 1338 1693 pliatur ad supponendum pro suis significatis que sunt vel fuerunt. ideo
92 1698 1353 1785 in illa homo e~ generandus lij homo supponit ꝓ suis s'catis que sunt vł
100 1805 1365 1883 erunt. Et ideo sensus est eius qd' e~ vel erit homo est generandus. Ex hoc
92 1897 1357 1971 infero ꝙ hec est vera i~mo concedenda. meretrix e~ furura virgo. probatur
102 1978 1355 2065 ipsa est simpliciter vera ergo concedenda. consequentia tenet. antecedens
89 2088 1368 2180 probatur. Nam lij futura est participium futuri temporis ideo ampliat
