1787 2575
95 283 1352 369 vel participij futuri temporis non ampliatur. patet quia respectu vnius
91 354 1340 417 differentie temporis tm~modo accipitur .s. futuri temporis. Et ratio re-
92 407 1350 463 gule est modus concipiendi taliter tales terminos a parte predicati po-
101 459 1342 510 sitos. vt dicendo meretrix generabitur puer. lij puer stat tm~modo ꝓ suo
92 504 1344 559 significato in ordine ad copulam de futuro. similiter meretrix est futura
95 555 1344 613 virgo lij virgo non ampliatur quia precise accipitur in ordine ad copula~
100 605 1347 658 de futuro. Et similiter dicendum est de termino a parte predicati capto re
98 652 1346 713 spectu verborum vel parcicipiorum preteriti temporis quia tm~modo
97 700 1350 758 tales accipientur pro te~pore preterito. vt dicit Mar. ¶ Quarta regula. ter
101 752 1344 808 minus captus a parte subiecti supponens respectu participij preteriti te~
92 793 1346 862 poris qd' est predicatum vel adiectiuum principalis predicati habens si
98 842 1347 915 gnificatum vel significata sibi correspondentia pro tempore preterito a~-
98 899 1344 959 pliatur ad supponendum pro eo qd est vł fuit. nisi restringatur ad vnam
98 949 1346 1001 differentiam temporis. vt viuum est mortuum. lij viuum ampliatur ad
91 992 1347 1057 suppone~dum pro eo qd' est vel fuit viuum. et est propositio vera quia qd'
101 1050 1342 1102 est viuum vel qd' fuit viuum ante vnum annum. vt magister Johannes
98 1091 1342 1153 de Glogovia. nunc est mortuum. Et aduerte ꝙ si participium fuerit
100 1144 1347 1204 presentis preteriti temporis. vel adiectiuum principalis predicati et co-
pula seu verborum futuri temporis. Subiectum ampliabitur ad ea que
92 1238 1346 1294 sunt fuerunt et erunt. Et hoc nisi tale subiectum restingatur. et si habeat
98 1281 1342 1349 significatum vel significata sibi pro illis differentijs temporum correspo~
98 1340 1340 1397 dentia vt lij homo in ista. homo erit mortuus ratione copule de futuro
94 1389 1349 1447 supponit indifferenter pro quolibet homine disiunctiue qui est vel qⁱ erit
95 1440 1343 1489 ratione vero predicati qd' est preteriti temporis participium supponit ꝓ
101 1479 1352 1539 quolibet homine disiunctiue qui fuit. Es sic eius sensus e~. qd' e~ homo vel
103 1536 1342 1593 qd' erit homo vel qd' fuit homo est mortuus. Et eodem modo dice~dum
101 1585 1337 1639 de subiecto respectu verbi p~teriti temporis et aprticipij futuri temporis
92 1627 1340 1686 supponente. vt homo fuit generandus. Et aduerte ꝙ singule dictarum re
94 1675 1350 1738 qularum particule sunt declarande sicut prima fuit declarata regula. ad iu~
104 1733 942 1785 ctis tribus conditionibus que prius posite sunt
95 1775 1347 1876 Contra arguit^ primo sic. respectu
95 1871 1344 1929 copule preteriti vel futuri temporis terminus non ampliatur. probatur
100 1915 1353 1972 sic quia nulla simplex copula est ampliatiua. sed tales copule sunt simpli-
98 1961 1347 2027 ces ergo non sunt ampliatiue. Maior quia terminus ampliatus debet
95 2011 1352 2078 capi respectu diuersarum copularum distinctas differentias temporum
105 2062 1350 2125 importantium. Minor patet quia si lij fuit incuderet copulam de pre-
104 2107 1346 2174 senti et de preterito. tunc illa de preterito similiter includeret de presenti ⁊
103 2157 1267 2244 de preterito. et sic infinitum qd' est scd'o metaphisice prohibitum.
