1753 2558
79 220 1369 322 Chimera est vel erit et tamen lij chimera non ampliatur. ex eo ꝙ no~ sup-
93 328 1366 414 ponit. Et tunc aliquis circa dicta instaret dicens no~ne communis fama
102 422 1367 503 dicit. talem terminum ampliari qui supponit proutmet concedis. et ex-
103 513 1366 605 ponitur tam per lij est q~ʒ per lij erit. quare non ampliatur. etiam apparet
110 606 1364 687 qd' hoc sit contra co~munem modum loquendi. ad illud. Dico ꝙ ad illud
105 702 1377 781 dictum me ratio non mouet. Nam prout anre ea determinaui. non suffi-
105 783 1373 878 cit terminum stare pro illo qd' est vel erit vel pro isto qd' est vel fuit. vł p~t
100 865 1367 959 esse. ad hoc ꝙ terminus ampliaretur. nam pari ratione sequerentur. ꝙ ter-
103 957 1371 1060 minus ampliaretur qui solum supponit pro hijs que sunt. cuius tamen
106 1057 1373 1146 oppositum omnes dicu~t Et conseque~tia tenet. quia non apparet maior
106 1138 1377 1223 ratio de vno q~ʒ de alio Cum igitur in dicta ꝓpositione. lij antichristus
103 1230 1374 1321 solum supponit pro hijs que erunt. vnde ꝓpter istam causam non am-
105 1325 1370 1414 plaitur. Scd'a ratio ad idem est illa. quia ampliatio conuenit termino re
106 1415 1373 1499 spectu suppositionis. vt declaratum est. Sed tali termino non conuenit
105 1502 1370 1584 suppositio respectu copule presentis temporis. cum non sit eius aliqd' si-
99 1587 1366 1664 gnificatum actu. de quo mediante copula presentis temporis verificetur
109 1684 1370 1774 qd' requiritur ad hoc ꝙ terminus supponat respectu copule de presenti.
100 1780 1364 1871 Tercia ratio est. quia si terminus nullum significatu~ haberet. nec qd' fuit
102 1873 1370 1969 nec qd' erit. tunc respectu huius copule erit non ampliabitur quia no~ sup
103 1969 1377 2054 ponit. Illo non obstante ꝙ sensus talis propositionis esset ille qui est
99 2060 1363 2184 vel erit antichristus erit. igitur pari ratione in proposito. cum habeat
1162 2127 1286 2221 H 3
