2916 3742
345 276 2346 386 absqu absque omnium nostrorum sucessorum contradicione et impedimento Promittentes pro nobis
358 373 2342 453 heredibus et successoribus nostris prefatam dominam Elizabeth reginam in dictis terris
249 427 2458 509 castris civitatibus opidis districtibus villis bonis possessionibus expedire certificare manu
366 487 2439 570 tenere adversus quemlibet hominem mundi taliter quod omnia supradicta ad vite sue tempora
361 558 2426 653 possidebit et percipiet cum effectu absque omni impedimento et obstaculo pacifice ?
370 615 2470 721 quiete sine dolo et fraude quod ut facilius possit provenire omnes terras castra
372 695 2431 778 civitates opida villas taliter ut premittitur per nos ipse domine regine Elizabeth
358 757 2422 848 in dote et dotalicio per nos inscriptas si que sunt quibuscumque personis
351 834 2432 922 per nos aut nostros ancessores antecessores in quantiscumque summis pecuniarum obligata et con
355 876 2397 1008 incripta scripta tenebimur redimere liberare et penitus in puram reducere condicionem
360 941 2434 1068 atque statum Efficiemus quoque et efficere nos astringimus quod omnes predictarum
330 1014 2414 1131 terrarum castrorum sive opidorum villarum capitanei rectores tenutarii cives
359 1088 2432 1203 presentes et futuri plenam prestabunt ipse ipsi domine Elizabeth regine sponsionem
343 1150 2466 1263 et fidelitatis corporale iuramentum juramentum quod nulli alteri nisi ipsi domine Elizabeth
350 1218 2441 1332 regine morte ſ s nostra secuta castra terras civitates opida villas prefatas
359 1294 2459 1417 plenarie   et effectualiter tradent dabunt consignabunt et illorum plenam omnimodam
356 1320 2425 1522 faciant cessionem et resignacionem ac ipsi domine Elizabeth regine in omnibus obe
349 1412 2331 1535 dient parebunt fideliter et constanter prout nobis et nostris successoribus consueverunt
357 1484 2390 1643 parere Si autem prefata domina Elizabeth regina prior quamm quam nos e vita
347 1551 2429 1694 excesserit tam dos quam dotalicium ad nos et regnum nostrum ꝓ nomine
332 1642 2412 1742 Polonie perpetuo deuoluantur devolvantur sine aliquali ipsius dotis restitucione si Si vero
327 1710 2417 1818 nos prius mori contigerit prole ex ea quod Deus aufferat non suscepta
307 1776 2430 1889 aut si suscepta fuerit extingueretur extunc terris districtibus castris ciuitatibus civitatibus
343 1867 2457 1954 villis per nos sibi in dote et dotalicio modo quo supra inscriptis utetur
319 1909 2407 2019 ad vite sue tempora post mortem vero suam centum milia florenorum
344 2002 2466 2098 sibi per nos racione dotalicii donata et inscripta ad regnum et regem Polonie
328 2074 2443 2157 libere revertentur de centum uero vero milibus que pro dote recepturi sumus habebit
297 2150 2438 2226 ipsa domina Elizabeth regina plenam iuxta juxta omne suum beneplacitum tam in vita
330 2202 2431 2307 quam in mortis articulo donandi testandi seu disponendi facultatem Et si ipsam
320 2264 2446 2385 dicta centum milia florenorum quibuscunque quibuscumque personis vni uni vel pluribus donare
317 2341 2453 2459 seu testari contigerit quod tunc tales persona uel vel persone super dictis castris
316 2408 2493 2538 ciuitatibus civitatibus terris possessionibus modo quo premittutur permittitur inscriptis iure jure et titulo veri pignoris
289 2487 2433 2579 gaudeant et pociantur xxx as absque obstaculo et contradicione qualibet tamdiu donec
321 2544 2420 2678 eadem castra terre ciuitates civitates opida centum milibus florenorum solutis ab eisdem
277 2607 2344 2725 per successores nostros reges aut regnum Polonie liberata et redempta In cuius rei
281 2650 2427 2810 testimonium sigillum nostrum presentibus est appensum datum Cracovie quintadecima
273 2719 1517 2836 mensis Augusti Anno anno domini Domini millesimo c̄c̄c̄c̄ quadringentesimo Iij quinquagesimo tertio
