7462 10095
1804 626 6692 798 ¶ quarum quidem duo sunt motus. Unus enim celi vel
1708 993 6104 1170 timi super duas axis extremitates. scilicet polum articum
1708 1389 6686 1598 et antarticum ab oriente per occidentem in orientem ite-
1708 1789 6506 2000 rum rediens quem equinoxialis circulus per medium divi-
1708 2204 6618 2399 dit. Est etiam alius motus inferiorum sperarum motus per
1708 2595 6450 2782 obliquum huic oppositus super axes suos distantes a pri
1708 2991 6122 3174 mis xxiii gradibus et. xxxiii. minutis. Sed primus omnes
1708 3386 6684 3589 alias speras secum impetu suo rapit infra diem et noc
1708 3802 6968 3978 tem circa terram semel. Illis tamen contra nitentibus ut
1920 4183 6648 4412 octava spera in centum annis uno gradu hunc siquidem
2402 4593 6726 4818 motum secundum dividit per medium zodiacus. Sub quo qui
1708 4973 6732 5208 libet septem planetarum speram habet propriam in qua de
1708 5365 6388 5581 fertur motu proprio contra ultimi celi motum et in di
2314 5777 6670 5985 versis spaciis temporum ipsum metitur ut saturnus in xxx
1708 6161 6568 6356 annis. Iupitet in duodecim. Mars in duobus annis Sol
2186 6575 6482 6782 in. ccclxv. diebus et fere sex horis. Venus et mercurius fere
2296 6957 6606 7174 similiter Luna vero in viginti septem diebus et octo horis.
1708 7168 6928 7405 ¶ Consequenter autor postquam determinavit de natura substantia et partibus spere
1708 7385 6742 7610 etheree Nunc ostendit quot motus reperiunt in regione celesti et etherea et in partibus suis
1708 7639 6770 7868 Pro intellectu textus. Notandum Que autor in textu
1708 7871 6780 8074 dicit tria. Primo que in spera etherea et celesti et in partibus spere etheree re
1712 8097 6732 8300 periuntur duo motus. primus motus est motus primi mobilis quod
