7512 10116
1546 813 6724 959 Quarte magnitudinis sunt. 474. Quinte magnitudinis 217. Sexte et ultime
1546 1029 6778 1173 maginitudinis sunt. 63. et sunt adhuc. 9. tenebrose nebulis vero similes sunt
1548 1245 6652 1394 quinque et stelle fixe maiores et visu notabiliores sunt. 1022. in. 48. ymagi
1568 1453 6748 1594 nibus et stellationibus contente de hiis omnibus sermone sufficienti loquitur
1604 1669 6698 1812 ptholomeus septima et octava dictione almagesti quas ptholomeus ad
1586 1881 6554 2022 tempora sua verificavit post eum alfonsus inclitus Rex Romanorum et castel-
1574 2093 6766 2232 le Annis cristi Iesu completis. 1251. iterum rectificavit postremo vero
1546 2313 6760 2449 dictissimus ille vir artium et medicine doctor petrus de Gassobicz stellarum ob
1604 2527 6770 2664 servator diligentissimus lector ordinarius medicine in universitate Cracoviensi
1586 2741 6748 2878 Ad annum salvatoris. 1450. verificavit. Alie autem stelle dicuntur planete a pla
1582 2959 6806 3096 nos quod est difforme. quia eorum motus est difformis varius et diversus non
1566 3173 6722 3314 in eorum propriis orbibus quia talis motus est uniformis et equalis et dicitur pla
1574 3389 6760 3526 nos quasi sine difformitate. sed eorum motus est difformus et varius icomparati
1574 3603 6644 3744 one ad octavam speram vel primum mobile. tunc dicitur a planos. i. difformis quod
1578 3813 6716 3964 hii ostendunt qui theoricas et speculationes de orbibus plenetarum et motus
1636 4033 6724 4174 planetarum intelligunt. ¶ Ordo autem septem plenetarum in hic computatur versu
1606 4241 6760 4384 a Saturno sicut a primo usque in luna computando qui est ultimus quo ad
1602 4461 6754 4594 nos. post sim sum sequitur ultimo luna subest. per S huius dco~nis sim intel
1606 4683 6780 4806 ligitur Saturnus per I Iupiter per M Mars per S huius dco~nis sum
1604 4922 4964 5021 intelligitur sol per v venus per m Mercurius.
1786 5313 6272 5444 Secundum accidens autem dividitur spera in speram rec
