7512 10116
1540 635 6719 1000 Quarte magnitudinis sunt. 474. Quinte magnitudinis 217. Sexte et ultime
1540 916 6775 1197 maginitudinis sunt. 63. et sunt adhuc. 9. tenebrose nebulis vero similes sunt
1540 1124 6651 1388 quinque et stelle fixe maiores et visu notabiliores sunt. 1022. in. 48. ymagi
1557 1354 6747 1607 nibus et stellationibus contente de hiis omnibus sermone sufficienti loquitur
1596 1556 6696 1843 ptholomeus septima et octava dictione almagesti quas ptholomeus ad
1585 1759 6550 2062 tempora sua verificavit post eum alfonsus inclitus Rex Romanorum et castel-
1568 1983 6764 2242 le Annis cristi Iesu completis. 1251. iterum rectificavit postremo vero
1535 2203 6758 2455 dictissimus ille vir artium et medicine doctor petrus de Gassobicz stellarum ob
1602 2410 6769 2703 servator diligentissimus lector ordinarius medicine in universitate Cracoviensi
1585 2635 6747 2899 Ad annum salvatoris. 1450. verificavit. Alie autem stelle dicuntur planete a pla
1574 2849 6803 3096 nos quod est difforme. quia eorum motus est difformis varius et diversus non
1563 3051 6719 3332 in eorum propriis orbibus quia talis motus est uniformis et equalis et dicitur pla
1563 3282 6758 3551 nos quasi sine difformitate. sed eorum motus est difformus et varius icomparati
1568 3478 6640 3748 one ad octavam speram vel primum mobile. tunc dicitur a planos. i. difformis quod
1568 3703 6713 3978 hii ostendunt qui theoricas et speculationes de orbibus plenetarum et motus
1630 3911 6719 4203 planetarum intelligunt. ¶ Ordo autem septem plenetarum in hic computatur versu
1596 4130 6758 4400 a Saturno sicut a primo usque in luna computando qui est ultimus quo ad
1596 4338 6752 4619 nos. post sim sum sequitur ultimo luna subest. per S huius dco~nis sim intel
1602 4585 6775 4861 ligitur Saturnus per I Iupiter per M Mars per S huius dco~nis sum
1596 4788 4959 5069 intelligitur sol per v venus per m Mercurius.
1782 5159 6269 5473 Secundum accidens autem dividitur spera in speram rec
