7666 10233
1552 466 6733 938 et noctium que fit habitantibus in diversis locis et de
1552 898 6721 1324 divisione climatum: ¶ In quarto de circulis et mo-
1552 1296 5567 1625 tibus planetarum et de causis eclipsium.
1558 1540 6733 1847 ¶ Iste tractatus spere materialis correspondens sapientiis almagesti sapi-
1723 1785 6733 2029 entis ptholomei et ex eo abbreviatus in quo tractatu spere materialis de
1558 2012 6727 2251 terminatur de toto universo secundo se et eius partes prout subiacet motui et
1558 2200 6733 2478 figurationi. In quas partes principaliter dividitur in partem prohemialem
1552 2450 6733 2694 et in partem executivam In parte prohemiali Magister Ioannes de Sacro
1552 2637 6727 2893 busto tractatum hunc in quatuor Capitula dividit et quid in quolibet capitu
1558 2859 6733 3132 lo determinabit ostendit. Pars Executia erit ibi. Spera igitur ab Euclide sic
1620 3075 5607 3359 describitur et dicitur ut patet in textu.
1740 3399 6483 3860 ¶ Spera Igitur ab Euclide sic describitur. Spera est
1552 3803 6591 4241 transitus arcus circumferentie dimidii circuli quotiens
2041 4223 6522 4508 sumpto lineaque fixa dyametro quousque ad locum suum
1552 4627 6733 4917 redeat circum ducitur. Id est spera est corpus rotundum et
1569 5008 6721 5332 solidum quod de scribitur ab arcu semicirculi circumducto.
1552 5269 6733 5520 ¶ Ista est pars Executiva in qua Magister Ioannes ponit duas diffini-
1552 5480 6721 5770 tiones spere et primo ponit primam et postea in textu sequenti secunda pro quibus
1552 5696 3633 5946 diffinitionibus intelligendis.
1552 5889 6733 6242 Notandum est primo. Que spera consideratur dupliciter.
1552 6173 6733 6441 Primo qua ad fieri et prout proiicitur in planum et sic de ea datur prima diffini
1598 6401 6733 6668 tio quam originaliter ponit Euclides undecimo elementorum pro qua diffiniti-
1598 6628 6733 6873 one intelligenda oportet in primis scire Que semicirculus est medietas toti
1592 6816 6733 7106 us circuli vel totalis circuli unde et dicitur semicirculus a semis quod est me
dium et circulus quasi medius circulus. dyameter proprie est linea dividens
1592 7265 6733 7521 circulum in plano: et dicitur a dya quod est duo et metros mensura quasi li-
1598 7464 6733 7748 nea dividens circulum aut aliquod planum in duas partes equales. Axis autem
1637 7691 6733 7987 proprie est in corpore rotundo ut in rota vel spera axis etiam dicitur in quo
1603 7913 6648 8180 voluuntur rote in curru est. Est etiam differentia inter circumferentiam et circulum
1706 8106 6727 8374 iuxta mathematicam quia circumferentia proprie est linea circumferentialis in
