7466 10058
980 506 5972 636 Primum si ierusalem esset in medio terre habitatores in ierusalem viderent
938 732 5990 845 semper utrumque polum et antarticum et uterque staret eis precise in orientente
918 948 5990 1066 quod tamen non apparet. Secundum unde potest ostendi quod ierusalem non est in
946 1168 5990 1277 medio terre sub equinoxiali circulo. quia hominibus habitantibus sub equi
910 1388 5990 1498 noxiali circulo semper est equinoxium quolibet dic anni. in ierusalem vero ymmo
912 1602 5990 1715 solum bis in anno sicut et apud nos. unde et in estate circa diem sancti viti sol
899 1824 5990 1930 stitium estivale longior dies in hierusalem est quatuordecim horarum ex his con
899 2044 4786 2151 cluditur quod hierusalem non est precise in medio mundi.
948 2302 5990 2410 Notandum. Secundo Que quia autor dicit et memoriam facit
899 2522 5990 2618 de angulis. Sciendum quod angulus diffinitur sic secundum euclidem Angulus est
899 2740 5990 2845 duarum linearum mutuus contactus dicitur autem ab ango angis angere quod signat
942 2948 5990 3056 stringere vel iungere angulus enim angit et iungit duo simul ut duos parietes
916 3168 5812 3272 vel duas lineas Et est duplex secundum Euclidem Speralis et planus Angu
899 3386 5990 3500 lus speralis est quando unus circulus vel spera cadit super aliam ut aspicitur
899 3604 5990 3709 in corpore sperico. Planus est quando una linea cadit super aliam in plano
899 3820 5990 3924 et iste est triplex quidam rectus et est quando una linea cadit super aliam di-
899 4036 5990 4142 recte et perpendiculariter quarum una est substans Et alia suprastans. Angu
899 4252 5990 4364 lus acutus quando linea una cadit super aliam oblique et causat angulum mino-
899 4468 5990 4585 rem recto. Obtusus autem angulus est quando una linea cadit super aliam ob
899 4692 5990 4802 lique et causatur angulus maior recto Orizon autem est circulus dividens
899 4904 5990 5023 hemisperium superius ab inferiori et dicitur terminator visus. hemisperium
899 5134 5990 5234 autem superius est medietas celi que est supra nos. Hemisperium autem
1062 5340 5990 5456 inferius est medietas celi que est infra. Et dicitur hemisperium ab hemis
899 5564 5990 5672 quod est medium et spera quasi medietas spere ut enim dicetur inferius semper
899 5780 5990 5892 una medietas celi est supra et alia infra nos posuit autem duas causas in tex-
899 6002 5990 6113 tu quare spera dicitur recta et satis sufficienter he cause declarantur in textu.
899 6224 5990 6331 Pulchre autem loquitur Cameracensis in tractatu de ymagine mundi quod in spe
899 6438 5990 6551 ra recta sub equinoxiali circulo uterque polus aspicitur cum dicit in hec ver
899 6655 5932 6764 ba. Pthomoleus claudius rerum naturalium et dispositionis orbis dili-
899 6872 5990 6986 gentissimus inquisitor fuit itaque in mundo spaciatus est quod utrumque polum et
1052 7082 3740 7206 stellas circa utrumque polum vidit hec ille.
1100 7341 5990 7463 ¶ Illi vero dicuntur speram habere obliquam quamcumque habi-
788 7743 5990 7869 tant citra equinoxialem circulum vel ultra illis enim supra
899 8135 5834 8263 orisontem elevatur semper alter polorum reliquus vero semper
798 8546 5982 8670 deprimitur vel quoniam illorum orizon artificialis inter
