7591 10133
1040 717 6249 926 plano vel circulus causatur ex transitu hoc est ex fluxu et motu circumferentie
980 937 6242 1144 dimidii circuli que circumferentia et extremitatibus semicirculi circumducitur to
1010 1153 6242 1360 tiens vel aliquotiens vel semel quousque redeat in locum suum unde exivit dya-
1012 1369 6248 1584 metro ipsa manente immobili. Unde in eo que dicitur causatur ex transitu cir-
988 1597 6206 1798 cumferentie dimidii circuli tangitur figura spere vel circuli proiecta in planum
976 1813 6214 2014 Sed cum dicitur vel ymaginatur causari tanguntur spere celestes: quia licet
1002 2037 6190 2236 spere celestes non fiunt et causantur ex transitu et fluxu circumferentie dimidii
1012 2257 6238 2452 circuli tamen ymaginantur fieri ex ipso transitu vnum pulchre Campatius in libro un
992 2471 6216 2664 decimo elementorum Euclidis declarat hanc primam diffinitionem spere quomodo
1022 2699 6202 2894 spera est transitus circumferentie dimidii circuli et dicit in hec verba Supponatur aliqua
3827 2907 6268 3049 linea finita ut linea. a. b et officio cir
3827 3106 6205 3289 cini eius medium inquire quod voca
3622 3371 6216 3520 tur. c. pede circini immobili posi-
3280 3593 6224 3724 to in puncto. c. extenso autem alio pe
3822 3807 6150 3946 de circini mobili protrahe medium
3812 4031 6210 4172 circulum vel semicirculum contingentem pun-
3812 4261 6210 4392 ctum a. et b. super linea. a. b. que manet
3816 4481 6206 4610 immobilis officio circini pedis mo
3840 4703 6210 4838 bilis scribe et circumduc. a puncto. b.
3822 4921 6246 5056 usque ad punctum. a. alium semicircu
3790 5137 6222 5274 lum eritque totus circulus quem autor
3826 5349 6218 5496 in proposito vocat speram vel cor
3858 5583 6246 5730 pus spericum et rotundum hec ille
1440 6123 6220 6304 ¶ Spera etiam a Theodosio diffinitur sic Spera est
1038 6570 6126 6702 corpus solidum et rotundum una superficie conten
1184 6966 6178 7093 tum In cuius medio est punctus a quo omnes linee
1364 7383 5116 7500 ducte ad circumferentiam sunt equales.
1034 7733 6216 7860 ¶ Iam consequenter magister Ioannes de sacrobusto ponit diffinitionem
1026 7955 6026 8080 spere in facto esse. pro qua diffinitione intelligenda spera in facto esse est aliquod
1010 8175 6222 8296 corpus continuum rotundum et firmum et sic globus rotundus posset dici spera
1036 8397 6214 8516 in facto esse et sic etiam instrumentum hoc ex circulis sex maioribus et quatuor
1012 8609 6110 8752 minoribus integratum: dicitur spera quo utimur in scientia huius tractatus
5292 8879 5796 8998 A iiii
