7466 10058
977 340 5968 642 Primum si ierusalem esset in medio terre habitatores in ierusalem viderent
927 592 5985 888 semper utrumque polum et antarticum et uterque staret eis precise in orientente
910 815 5985 1095 quod tamen non apparet. Secundum unde potest ostendi quod ierusalem non est in
944 1044 5985 1301 medio terre sub equinoxiali circulo. quia hominibus habitantibus sub equi
899 1251 5985 1519 noxiali circulo semper est equinoxium quolibet dic anni. in ierusalem vero ymmo
910 1469 5985 1743 solum bis in anno sicut et apud nos. unde et in estate circa diem sancti viti sol
stitium estivale longior dies in hierusalem est quatuordecim horarum ex his con
888 1911 4783 2173 cluditur quod hierusalem non est precise in medio mundi.
938 2128 5985 2441 Notandum. Secundo Que quia autor dicit et memoriam facit
894 2408 5985 2659 de angulis. Sciendum quod angulus diffinitur sic secundum euclidem Angulus est
888 2603 5985 2883 duarum linearum mutuus contactus dicitur autem ab ango angis angere quod signat
938 2821 5985 3073 stringere vel iungere angulus enim angit et iungit duo simul ut duos parietes
905 3050 5811 3302 vel duas lineas Et est duplex secundum Euclidem Speralis et planus Angu
888 3252 5985 3520 lus speralis est quando unus circulus vel spera cadit super aliam ut aspicitur
888 3470 5985 3743 in corpore sperico. Planus est quando una linea cadit super aliam in plano
888 3704 5985 3944 et iste est triplex quidam rectus et est quando una linea cadit super aliam di-
888 3911 5985 4185 recte et perpendiculariter quarum una est substans Et alia suprastans. Angu
888 4123 5985 4397 lus acutus quando linea una cadit super aliam oblique et causat angulum mino-
888 4347 5985 4615 rem recto. Obtusus autem angulus est quando una linea cadit super aliam ob
888 4570 5985 4827 lique et causatur angulus maior recto Orizon autem est circulus dividens
888 4771 5985 5040 hemisperium superius ab inferiori et dicitur terminator visus. hemisperium
894 5029 5985 5258 autem superius est medietas celi que est supra nos. Hemisperium autem
1061 5224 5985 5492 inferius est medietas celi que est infra. Et dicitur hemisperium ab hemis
quod est medium et spera quasi medietas spere ut enim dicetur inferius semper
894 5654 5985 5917 una medietas celi est supra et alia infra nos posuit autem duas causas in tex-
888 5872 5985 6129 tu quare spera dicitur recta et satis sufficienter he cause declarantur in textu.
888 6079 5985 6364 Pulchre autem loquitur Cameracensis in tractatu de ymagine mundi quod in spe
888 6308 5985 6565 ra recta sub equinoxiali circulo uterque polus aspicitur cum dicit in hec ver
888 6526 5929 6794 ba. Pthomoleus claudius rerum naturalium et dispositionis orbis dili-
888 6738 5985 7035 gentissimus inquisitor fuit itaque in mundo spaciatus est quod utrumque polum et
1045 6956 3738 7241 stellas circa utrumque polum vidit hec ille.
1095 7174 5985 7604 ¶ Illi vero dicuntur speram habere obliquam quamcumque habi-
787 7493 894 7867 tant citra equinoxialem circulum vel ultra illis enim supra
888 7956 5828 8448 orisontem elevatur semper alter polorum reliquus vero semper
793 8404 894 8716 deprimitur vel quoniam illorum orizon artificialis inter
