7649 10266
941 553 4494 935 ream scilicet et elementarem regionem.
1106 821 6103 1157 ¶ Postquam Magister Ioannes in precedentibus posuit duas diffinities spere et
941 1072 6103 1328 eas sufficienter declaravit et similiter ostendit quid sit spera recta. quid obliqua et qui
946 1288 6103 1568 homines dicuntur habitare in spera rectam et qui in obliqua et similiter dixit qua
946 1511 6103 1785 re spera dicitur recta et quare obliqua. Iam consequenter determinat de forma to
941 1722 6103 2001 cius uniuersi et mundi et de forma et dispositione partium universi incipiens ab ele
mento terre usque ad primum celum et mobile et dividit totum universum in partem
946 2161 4568 2406 elementarem et etheream idest celestem ut dicit in textu.
958 2383 6103 2703 ¶ Notandum pro intellectu divisionis tocius machine
946 2629 6103 2914 mundi in proposito. Per machinam mundi intelligitur tota structura mundi et isto
963 2880 6103 3131 modo etiam capitur machina mundi infine huius tractatus. Cum dicetur aut deus na
941 3074 6103 3336 ture patitur aut tocius mundi machina dissolvetur. Per regionem autem elementarem
941 3285 6103 3570 in proposito intelligitur pars mundi que est sub globo lunari ex speris quattuor ele-
1043 3507 6103 3792 mentorum aggregata. et hec a philosophis nominatur spera activorum et passivorum. unum enim ele-
941 3724 6103 4009 mentum continue agit in alterum ratione qualitatum contrariarum exentium in eis. ut dicetur in
941 3935 6103 4226 ferius. ¶ Per regionem autem etherea intelligitur alia pars mundi que est a globo
941 4157 6103 4437 vel spera lune usque ad speram celestem vel decimam inclusive. et dicitur a nomine ether
1003 4368 6103 4676 etheris quod valet tamen sicut clarum. eo que ibi super est claritas. uno et primo methauro
963 4585 6103 4876 rum dicitur que celum non suscipit peregrinas impressiones. et de partibus illius regionis
941 4802 6023 5087 dictum est in precedentibus. et etiam dicetur in sequentibus cum tractabitur de motibus
981 5018 3547 5344 partium regionis etheree vel celestis.
¶ Elementaris quidem regio alterationi continue pervia existens
941 5606 6103 6051 in quattuor dividitur. Est enim terra tanquam mundi centrum
946 6022 6103 6404 in medio omnium sita: circa quam aqua: circa aquam aer: circa
941 6404 5909 6844 aerem ignis illic purus et non turbidus orbem lune attin
1043 6804 5504 7294 gens: ut ait aristotiles in libro methaurorum dicens. Sic
958 7174 4277 7579 enim ea disposuit deus gloriosus et sublimis.
941 7431 6069 7824 ¶ Postquam magister Ioannes divisit totum universum in duas partes regionem ele
941 7648 6086 8098 mentarem et celestem. Iam consequenter determinat de regione elementari dividens eam
941 7859 4152 8224 in quattuor partes quarum partium situm et ordinem quem inter se habent ostendit.
1192 8104 5943 8555 ¶ Pro intelligentia textus notandum. Que autor dicens pri
1226 8366 2412 8731 mo in textu. que regio elementaris est pervia et subiecta continue alterationi et mu-
