7591 10108
2087 672 4674 818 ¶ Argumentum in dicenda.
875 855 5658 1066 Cum plurimorum virorum dignorum et in scientia stellarum doctissimorum Commentaria in
958 1049 6146 1324 Tractatum spere materialis Magistri Joannis De Sacrobusto diligenti lecti-
942 1281 6174 1532 one revoluerem Quorum alii sufficienti explanatione textus dimissa: alii vero longa
912 1491 6192 1754 narratione studentum ingenia occuparent ut multorum annorum ab eiusdem tractatus spere
920 1699 6150 1964 materialis studio Astrorumque disciplina retraherentur. Ego Magister Ioan
928 1917 6248 2186 nes Glogoviensis ad petita et desiderata plurimorum maxime tamen honestissi-
960 2141 6208 2400 mi viri domini Ioannis Haller Civis Cracoviensis virorum doctorum et generaliter spi
900 2367 6202 2618 ritualium personarum fautoris excelentissimi Introductorium hoc in tractatum spere
974 2579 6174 2830 materialis magistri Ioannis de Sacrobusto sincero animo recta intentione non in
944 2799 6182 3052 aliorum scribentium deturpationem quinymo in communem studentum utilitatem hoc
958 3033 6182 3258 compendium scribere institui. Nuncquam in nomine Iesu salvatoris benedicti eiusque matris
932 3283 4994 3478 marie virginis Illibate feciliter in hunc modum incipio.
984 3519 6008 3748 ¶ Inquit albumazar vir in scientia stellarum doctissimus
1038 3721 6208 3952 In introductorio suo maiori Differentia prima tractatu primo due sunt species
942 3943 6182 4170 sapientie mirabiles in cognitione et magne in existimatione: Quarum prima est scientia
948 4165 6178 4386 de circulis planetarum et orbibus eorum motibus et accidentibus que eorum ma
1022 4379 6176 4606 gnitudo et quantitatas. Considerat etiam hic pars sapientie prima solis et lune de-
992 4605 6178 4816 fectus ac terre rotunditatem et de eius divisione que causa longitudinis et brevi
992 4829 6216 5034 tatis diei. Quoque mortalium in hoc modo mansio in septem climata est distribu
972 5043 6192 5254 ta. Huic nemo contradicit nisi quo contrarius est veritati et hec communi nomine astro
966 5251 6198 5462 nomia apellatur. Subiungit Albumazar Altera pars sapientie mutationes tem-
994 5483 6174 5692 porum inquirit. Quid etiam applicatio varia in stellis presignat et hec est scientia pre
960 5695 6174 5908 nosticationum per hanc scientiam scitur Quid in hoc mundo de bono aut etiam malo
980 5919 6176 6126 quolibet evenit anno et hec astrologia nominatur: hec Albumazar. In primis
992 6143 6078 6350 itaque harum partium sapientie diffinitiones ponende erunt. et primo astrono
988 6365 6190 6556 mie deinde astrologie. Post hoc earum drn~tie Et ultimo quis astronomie in
1014 6583 6190 6778 ventor fuit in quam astronomia tractatulus iste manuductorius existit quan
992 6795 6176 7000 tum itaque ad primum ptholomeus pheludianus primo quadripartiri capitulo
3972 7009 6052 7139 primo sic diffinit astronomiam.
1029 7216 6172 7379 ¶ Astronomia est scientia Qua duorum luminarium et quinque
1018 7632 6167 7810 planetarum figure sciuntur secundum motum suum In comparatione
1006 8066 4627 8252 unius ad alterum et eorum ad speram terre.
1138 8283 6084 8474 ¶ Dicitur autem astronomia a nomine astrum astri quod signat tantum sicut stella et nor
1192 8523 5680 8714 ma regulaque quasi scientia de motibus et regulis planetarum et stellarum. A
