7424 10087
1648 594 6756 952 tationi. unum et propter hoc spera activorum et passivorum a philosophis dicitur quia unum ele-
1648 902 6756 1143 mentorum continue agit in alterum ratione qualitatum contrariarum in ipsis existenti=
1654 1098 6756 1350 um. Ignis enim est calidus et siccus aer calidus et humidus. aqua frigida et
1648 1311 6756 1563 humida. terra frigida et sicca. unum ergo elementum continue mutatur in aliud non
1654 1535 6756 1810 intelligendo quod totum quia elementa quatuor sunt partes principa-
1648 1748 6756 2023 les universi partes autem principales universi sunt incorruptibiles sicut et to
1648 1961 6700 2247 tum universum est incorruptibile. et intelligendum est quod unum elementum transmuta
1648 2185 6756 2454 bile est in aliud ratione partis ex uno enim pugillo terre fiunt decem aque cen-
1648 2404 6700 2667 tum aeris et mille ignis per rarefactionem. et econverso post densationem ex mil
1648 2622 6756 2908 le pugillis ignis fit unus pugillius terre. Secundo dicit autor in textu quod qua-
1654 2841 6756 3121 tuor sunt partes regionis elementaris. et habent ordinem situs sui secundum gravi
1648 3059 6756 3328 tatem suam terra quia est summe gravis est infunum elementum ignis autem quia
1648 3267 6756 3536 est subtilissimum. tunc omnibus superfertur qui ignis non est turbidus in sua spe-
1648 3502 6756 3777 ra sed est perspicuus et dyaphanus eo quod per eum videmus usque ad octavam
1654 3709 6756 4001 speram visu percipiendo stellas fixas eiusdem spere. Continetur etiam superfici
1654 3939 6756 4214 er convexa ignis exterior a concavo orbis lune. et est concauum lune locus ip-
1648 4146 5713 4471 sius ignis. et continens eum. ut ostenditur quarto phisicorum.
1642 4382 6734 4808 Et hec quatuor elementa dicuntur que vicissima semet
1654 4740 6644 5105 ipsis alterantur corrumpuntur et generantur Sunt autem
1648 5149 6728 5531 elementa corpora simplicia que inpartes diversarum for
1648 5536 6756 5928 marum minime dividi patent. Ex quorum commixione diver-
1654 5956 4328 6281 se generatorum species fiunt.
1760 6220 6756 6472 ¶ Consequenter autor ostendit proprietates partium regionis elementaris et
1654 6416 6190 6730 ostendit quod proprietates partium regionis elementaris sunt quatuor.
1704 6657 6756 6988 Pro Intelligentia textus Notandum Que autor in-
1648 6898 6756 7200 textu ponit tres proprietates partium regionis elementaris vel elementorum
1648 7122 6739 7419 prima quia elementa a seinvicem vicissim idest successive alterantur corrum
1654 7341 6672 7638 puntur et generantur non secundum se integra. sed per partes. ut dictum est superius. Secunda
1654 7559 6756 7862 proprietas quod elementa quatuor non sunt divisibilia in partes diversarum ra-
1654 7789 6756 8080 tionum et formarum quelibet enim pars terre est terra et quelibet pars aque est a-
1598 8019 1654 8209 qua. Ratio autem istius quare elementa non sunt divisibilia in partes diversarum
1648 8237 6616 8680 formarum et rationum. quia elementa sunt corpora omogenia: in quibus pars
