2863 3689
322 1493 2253 1713 Kazimirus Dei gracia Rex Polonie et Magnus dux Littuanie Russie etc
336 1703 2460 1781 Significamus tenore presencium quibus expedit universis presentibus et futuris harum noticiam
347 1754 2431 1858 habituris Quoniam pro parte Civitatis nostre Sandomirie per certos ejus Concives est coram
329 1795 2430 1909 majestate nostra expositum qualiter ipsa nostra Civitas et ejus cives gravamina et dampna
351 1868 2396 1955 non modica sustinent in eo videlicet dum primus cervisie et alie res emptibiles que in
353 1914 2479 2001 ipsa nostra civitate fiunt et venduntur per kmethones villanes qui illic forum visitant
363 1971 2420 2059 empte et recepte ad prestam non solvuntur Itaque ipsi Cives homines hujusdi debitores suos
317 2019 2448 2109 per villas et alia loca ubi manent et qūque absentantur querere coguntur et cum difficul
344 2062 2436 2158 tate cum talibus sibi justiciam exposcunt ministrari Unde nostra Civitas et ipsius Cives
360 2134 2468 2226 paciuntur distraccionem ita quod negociaciones suas quibus gaudent exercere et lucris inscite
360 2185 2433 2277 nequeunt nec possunt petitique sumus maximis instanciis nomine ejusdem Civitatis et rog
333 2233 2456 2338 ut ipsi nostra Civitate hanc prerogativam et facultatem quod hujusdi ejus debitores dum ad eam
327 2287 2436 2390 venirent ad presenciam sui advocati attrahere possunt per reddenda eis justicia datur et largitur
298 2330 2467 2456 graciose dignaremur Nos vero pluribus permote respectibus et specialiter attentis pluribus
342 2400 2470 2506 prefate nostro Civitatis tum per voraginem ignis tum per alias contingencias casibus et infor...
321 2449 2463 2564 habito prelatorum et Baronum nostrorum maturo consilio peticionibus humilibus eorum acclinati
335 2521 2459 2638 de innata nobis benignitate Ipsi nostre Civitati Civibusque ejus et eorum quiest et pro
309 2577 2442 2680 tempore fuerit advocato prebemus concedimus et largimur presentibus hanc prerogativam et
310 2620 2451 2736 facultatem pro omnes et singulos Kmethones forum Sandomiriansem visitantes qui sic ut
327 2668 2465 2805 premissum est pannum cervisias et alias res universas ad prestam receptas tempore debito non
304 2752 2469 2844 solverunt ad presenciam sui advocati attrahere qe potuerit et valebunt qui dum attracti
318 2803 2476 2895 fuerint sive dilacione debent coram advocato prefate Civitatis respondendo aut solvendo aut
274 2858 2483 2968 jura evadendo Et similiter prefate Civitatis advocatus querulantibus de talibus justicia
317 2925 2450 3019 complementum debet et potens erit facere et constrare presentibus duntaxat ad beneplacitum
310 2953 2477 3076 nostre voluntatis valitur harum quibus sigillum nostrum presentibus est sub appensum testimonio
330 3023 2404 3114 harum Datum Siradie die sabbato in crastino sancti Egidii in Convencione generali Anno
307 3096 1472 3214 Domini millesimo quadringentesimo quinquagesimo secundo
1636 3104 2472 3238 Relacio magnifici Johannis de Czyszow
1652 3226 2455 3333 Castellani et Capitanei Cracoviensis
