1827 2408
VITA BEATI IOANNIS CANTII.
102 237 276 374 C
283 235 1159 301 ARMINE ne sileas mecu~ mea tibia laudes
295 305 1176 379 Gentis hyperboreę, cuius nunc gloria celsi
145 370 1056 440 Crescat in i~mensum, diuis poscentibus odas
136 442 1006 512 Atqʒ tuos titulos extremo tempore cerne
147 503 1105 576 Quos memor ipse tui caelo ornat Iuppiter alto
140 568 1126 638 Nomine de Gracchi Graccouia condita quonda~
141 634 1085 703 ¶ Panditur e caelo terris quod tempore longo
153 698 969 767 Iam latuit primis visentibus vltima fatis
145 762 1116 829 Secula, dum meritis poscentibus ecce refulget
141 828 985 903 Lux decus atqʒ pater patrię tutela salutis
143 896 1002 960 Nobis Cantinus notus probitate Ioannes
148 957 1066 1030 Hacqʒ suam specula quisꝗs conspicere vitam
145 1020 1006 1096 Ipse potes quis sit? toti bene noscitur vrbi
153 1088 1081 1161 ¶ Est locus Arcturo Canti cognomine dicunt
155 1157 1021 1224 Proximus & metas, illic contermina ponit
151 1216 1086 1282 Slesia, nec procul a Gracchi sunt condita sede
148 1280 1086 1353 Oppida, quę iustus semper terit vsqʒ colonus
156 1344 1090 1418 Subdola non illic fraus, nec lis paupere regno
156 1410 967 1482 Garrula nec vino visit discordia mensas
168 1476 1074 1538 Vna quies animis, vna est & corde voluntas.
156 1542 1017 1612 ¶ Nascitur inde puer tali de stirpe Ioannes
157 1603 919 1677 Atqʒ suos artus nuda tellure reponit
151 1662 1133 1737 Excipit hunc primis gentibus dum casta Lucina
153 1736 1088 1800 Fouit, & innocuos annos moderamine seruat
156 1801 1106 1868 Ne fas sit sceleri fragilem maculasse iuuentam
153 1867 1015 1941 Non via sic pateat lasciuos trita per annos
156 1935 1065 2002 Non illi teneros suasit quis condere ludos
149 2006 1058 2105 Aut ea quę pariles poterat tentare voluptas
1386 292 1636 361 Laus gentis hy
1378 349 1533 416 perboree
1389 545 1618 623 Graccouia a
1393 611 1592 667 Graccho co~
1387 652 1484 726 dita.
1383 1084 1640 1179 Topographia.
1389 1260 1590 1332 Laus a fide
1392 1319 1599 1384 ⁊ sinceritate
1398 1472 1582 1542 Concordia
1393 1531 1665 1616 Genesis Cantij
1153 2056 1256 2151 G 3
