7583 10070
1065 855 6048 960 ¶ Secundum substantiam dividitur spera in speras no
1057 1137 6148 1368 vem scilicet nonam que primus motus sive primum
1326 1642 6113 1763 mobile dicitur et in speram stellarum fixarum que fir-
1018 2055 6113 2173 mamentum nuncupatur et in septem speras septem-
1048 2447 6113 2557 planetarum. Quarum alique sunt maiores et alique
1018 2832 6113 2946 minores secundum quod accedunt vel recedunt a firma-
998 3226 6113 3334 mento. Unde inter illas speras saturni est maxima
1350 3607 6113 3724 Spera vero lune minima prout in presenti figura-
1008 4009 2216 4118 continetur.
1032 4179 6113 4332 ¶ Postuam Magister Ioannes de Sacrobusto divisit speram in speram se-
1032 4425 6113 4532 cundum substantiam et speram secundum accidens. Iam consequenter ostendit quot
1000 4641 6113 4750 sunt partes spere secundum substantiam et dicit quot novem ut patet in textu.
1042 4899 6113 5010 Notandum pro intellectu textus Que stelle sunt duplices
998 5109 6113 5222 secundum intentionem astronomorum. Quedam sunt stelle fixe que dicuntur fixe non
1004 5294 6113 5438 quia non moverentur sed quia tarde moventur Moventur enim stelle fixe ad
1016 5529 6113 5646 motum octave spere cui sunt infixe ab occidente in orientem in centum annis
1024 5759 6113 5866 uno vere gradu iuxta ptholomeum licet alii alium modum dicendi habent de
1002 5966 6113 6088 motu octave spere et stellarum fixarum que sunt in ea non sunt iam nostris tempo-
980 6186 6113 6302 ribus in eisdem locis in quibus tempore priscorum fuerant astronomorum Al
994 6407 6112 6516 debron enim stella prime magnitudinis de natura martis et mercurii in ap-
1016 6625 6113 6734 parentia rubea que oculus thauri apud ptholomeum septima dictione alma
1002 6829 6102 6948 gesti et in thauro tunc fuit modo est in primo gradu signi geminorum Simili
1030 7049 6113 7160 ter plaiades que sunt de natura lune et martis ut ostendit Hali abenradan
1000 7261 6113 7376 secundo quadripartiri capitulo undecimo tempore sui fuerunt in primis qua
1000 7477 6113 7595 tuor gradibus signi thauri nunc sunt in vigesimo gradu thauri dividuntur
1016 7687 6113 7817 autem ab astronomis stelle fixe in sex magnitudines. Alique enim sunt prime mag-
1008 7903 6113 8031 nitudinis et sunt quarum nitor et splendor est intensus et eas primi oneris
976 8129 6113 8245 appellant que in numero sunt quindecim. Alias dixerunt secunde magnitudi-
988 8335 6113 8478 nis et sunt quadraginta quinque. Stelle fixe tertie magnitudinis sunt 208.
