7424 10087
1655 792 6762 908 tationi. unum et propter hoc spera activorum et passivorum a philosophis dicitur quia unum ele-
1655 1008 6762 1117 mentorum continue agit in alterum ratione qualitatum contrariarum in ipsis existenti=
1655 1222 6762 1337 um. Ignis enim est calidus et siccus aer calidus et humidus. aqua frigida et
1655 1438 6762 1555 humida. terra frigida et sicca. unum ergo elementum continue mutatur in aliud non
1660 1654 6762 1775 intelligendo quod totum quia elementa quatuor sunt partes principa-
1655 1868 6762 1989 les universi partes autem principales universi sunt incorruptibiles sicut et to
1655 2088 6706 2211 tum universum est incorruptibile. et intelligendum est quod unum elementum transmuta
1655 2308 6762 2427 bile est in aliud ratione partis ex uno enim pugillo terre fiunt decem aque cen-
1655 2522 6704 2645 tum aeris et mille ignis per rarefactionem. et econverso post densationem ex mil
1655 2740 6762 2865 le pugillis ignis fit unus pugillius terre. Secundo dicit autor in textu quod qua-
1655 2960 6762 3085 tuor sunt partes regionis elementaris. et habent ordinem situs sui secundum gravi
1655 3176 6762 3301 tatem suam terra quia est summe gravis est infunum elementum ignis autem quia
1655 3392 6762 3521 est subtilissimum. tunc omnibus superfertur qui ignis non est turbidus in sua spe-
1655 3614 6762 3741 ra sed est perspicuus et dyaphanus eo quod per eum videmus usque ad octavam
1655 3832 6762 3965 speram visu percipiendo stellas fixas eiusdem spere. Continetur etiam superfici
1655 4044 6762 4179 er convexa ignis exterior a concavo orbis lune. et est concauum lune locus ip-
1655 4270 5716 4403 sius ignis. et continens eum. ut ostenditur quarto phisicorum.
1655 4534 6738 4682 Et hec quatuor elementa dicuntur que vicissima semet
1655 4936 6650 5085 ipsis alterantur corrumpuntur et generantur Sunt autem
1655 5306 6734 5473 elementa corpora simplicia que inpartes diversarum for
1655 5724 6762 5853 marum minime dividi patent. Ex quorum commixione diver-
1655 6116 4330 6255 se generatorum species fiunt.
1770 6332 6762 6469 ¶ Consequenter autor ostendit proprietates partium regionis elementaris et
1655 6540 6194 6695 ostendit quod proprietates partium regionis elementaris sunt quatuor.
1708 6816 6758 6957 Pro Intelligentia textus Notandum Que autor in-
1655 7020 6762 7174 textu ponit tres proprietates partium regionis elementaris vel elementorum
1655 7244 6740 7391 prima quia elementa a seinvicem vicissim idest successive alterantur corrum
1655 7454 6676 7607 puntur et generantur non secundum se integra. sed per partes. ut dictum est superius. Secunda
1655 7682 6762 7819 proprietas quod elementa quatuor non sunt divisibilia in partes diversarum ra-
1655 7884 6762 8035 tionum et formarum quelibet enim pars terre est terra et quelibet pars aque est a-
1602 8108 6762 8264 qua. Ratio autem istius quare elementa non sunt divisibilia in partes diversarum
1655 8338 6622 8519 formarum et rationum. quia elementa sunt corpora omogenia: in quibus pars
