2916 3742
389 313 2416 458 Atque atque Auarum avarum abrogent imperium et in Dicionem dicionem pt̄atem potestatemque alterius transmigrent, condicione et varietem varietatem accio
410 471 2349 508 num et temporum facultatem illis subministrante. Proinde Nos nos prelati, barones, Militares, militares No no
392 488 2343 559 biles Cives cives opidani et Incole incole Terrarum terrarum usque videlicet Prussie Chelmensis pomeranie Pomeranie et Michalouiensis Michaloviensis status
384 565 2366 615 Eclisiastici eclesiastici et secularis significamus tenore praesencium presencium tam praesentibus presentibus quam futuris equaliter qualiter et si etsi superio
390 628 2364 669 ribus temporibus prothavi Aui avi et Genitores genitores nostri et tandem nos graves innabiles innumerabilesque A a magistro
395 683 2352 728 et ordine Prussie rotullissemus protulissemus pertulissemus oppressiones dum non solum Magister magister sed et sui Comendatores comendatores in
402 737 2397 789 Nos nos deseviendo plerosque ex nobis nullo Iure iure jure servato capitibus plecterent alios que aliosque prostriberent proscriberent
365 794 2358 843 Alios alios bonis temporalibus mulctarent et quod dictu quoque nephas est Coniuges coniuges et filias nostras
413 847 2372 902 stupris et Adulteriis adulteriis violentis viciarent In in quosdam ex nobis ut trucidaremur ut venum venun
369 901 2358 960 daremur caperemur depactaremur facultatem conferendo totque cogebamur recognostem recognoscere et profiteri
372 958 2424 1022 dominos superbe avareque nobis imperitantes quot Terra terra Prussie gessit comendatores Cum cum unusquis
387 1013 2340 1082 que illorum plenam Principandi principandi et Imperandi imperandi apud se consistere arbitrabatur presentatem potestatem Qua
378 1070 2346 1137 quidem inflati licentia licencia obliti professionis sue qua conta contra infideles militare spoponderant nulla offensa
375 1126 2409 1190 Aut aut Iniuria iniuria provocati In in Reges reges Principes principesque Polonie quorum beneficio accersiti Ad ad impugnaci
402 1180 2407 1248 onem infidelium dotatique et instituti fuerant arma convertebant federe Primum primum cum Domino domino Ka
393 1234 2394 1304 Zimiro zimiro deinde cum domino Wladislao Regibus regibus Polonie er per illos quater firmato et tociens viola
384 1288 2393 1356 to Regni regni Polonie Terras terras nisi Cladibus cladibus domiti fuissent decreverant occupasse Cogentes cogentes nos ad ge
366 1320 2378 1418 rendum secum iniusta bella licet nobiscum rem ingratam integram nunquam communicati fuissent Cum cum ipsos ad
375 1397 2373 1473 illa obeunda alienos fines occupandi fomes aut livor fastusque non iusta justa causa urgeret In in
381 1453 2387 1524 quibus clades orbitates fortunarumque et rerum nostrarum periclitactiones periclitaciones illic exceptas tanta maiori majori
363 1508 2406 1581 amaritudine prosequimur quanto constat nos Imperio imperio presidum nostrorum coactos Non non corporum solum
384 1565 2397 1638 et rerum sed eciam ammarum animarum nostrarum per iniuataa iniustas aciea acies aepiua sepius contraxisse distrimen discrimen et capitibus
387 1622 2441 1694 nostris omne stelus scelus iniusti belli expiasse Magistro magistro et ordine nostras clades magis ex arce spectantibus
389 1676 2424 1746 quam relevantibus Verum cum tot mala nullo termino aut spacio videremus finiri Atque atque nobix nobis poste
375 1733 2442 1802 risque nostris maiores majores calamitates orbitates Magistro magistro et ordine Prussie ad rumpendem rumpendum cum Rege rege et
369 1787 2411 1862 Regno regno Polonie ultimo cororali corporali interposito iuramento juramento a quo se absolui absolvi Concilii concilii Generalis generalis Basiliensis
378 1843 2451 1917 et summi pontificis Auctoritate auctoritate multiplici inſtantia instantia expetebant percussum fedus et bellum de nowo gerere geren
354 1897 2433 1980 dum aspirant parari ligam et vnionem unionem omnem iusticam justiciam equitatemque redolens redolentes nonque illis iustam justam
369 1953 2415 2043 potestatem adimeret sed iniusta illos bella sustipere suscipere et in nos absque iure jure et demerito vacuo ut uti mucrone
357 1977 2406 2092 Nosque fortunis et rebus spoliare nostris prohiberet iniimus hanc cum annis pluribus per nos Magistri magistri et ordinis
356 2059 2364 2150 consensu Ac ac Imperialibus imperialibus Privilegiis privilegiis et confirmacionibus desuper dotati habuissemus In in usu
363 2117 2391 2208 observancia et praxi tanto ardore cura et sollicitudine pro illius perpettua abolicione certatim
339 2177 2373 2264 Non non erubuerunt insistere. Ut ut nos velut Ethniicos ethnycos hereticosque. Coram coram summo pontifice assererent
315 2231 2402 2319 et deinde. Ad ad imperiale traherent tribunal. Non  non quo per abrogacionem violacionemque nostre huiusmodi
357 2294 2391 2369 unionis et lige aliquid comodi aut prefectus profectus capescerent sed ut liberius obstante illis nemine
336 2353 2346 2429 execranda bella Regi regi et Regno regno Polonie. Ceteris que ceterisque finitimis nostris tandem cervicibus ut sepe
348 2414 2357 2490 ales alias accedebat expianda moverent licet Licet autem coram tribunali. Cesareo cesareo comparendi nulla nos
347 2470 2337 2547 condicio artaret vel potestas cum imperiali dicioni nunquam nos remur fuisse subiiectos. subyectos Ut ut tamen
342 2527 2354 2604 Nichil nichil restaret quo nostra argui posset iusticia justicia et pura quam in hiis ad pacem reconciliacionemque
363 2587 2349 2658 quam cum Magistro magistro et ordine gerebamus. Intencio intencio accusari Tribunal tribunal huiusmodi accessimus. Et et
321 2641 2364 2718 Anno anno prope uno exact̄ exacto cum personarum nostrarum amplissimo distrinine discrinine in querelis proposicionibus que proposicionibusque et repli
375 2701 2366 2774 cacionibus versat versati licet causam pluribus iustificacionibus justificacionibus fundatam haberemus. Tantus tamen
336 2759 2391 2832 favor Magistro magistro et ordini. In in pronunccianda Imperiali imperiali sententia habitus est. Ut ut liga et unio nostra huius di huiusmodi
351 2818 2376 2889 pro qua omne contamen fuit exortum. Inhibicione Cesari inhibicione cesari per nos tanquam arbitro Jure jure facta reie reje
362 2875 2373 2946 cta cassaretur Magistro magistro et ordine. Nichilomnis  nichilominus post hec instantibus ut in sexingentis
360 2933 2370 3011 florenorum Milibus Magistro milibus magistro et ordini soluendis solvendis et adeo Magistro magistro et ordini obnoxii fuisse
357 2993 2394 3071 et fore iuxta juxta acsi ac si precio empti fuissemus Nova nova sententia Cesarea cesarea dampnaremur. Vigore vigore
