2916 3742
581 314 2483 446 Conpactacio et incorporacio Terrarum terrarum Prussie et cetera Regno regno
649 419 2613 552 Polonie et Corone corone eius ejus temporibus perpettuis incorporatarum et cetera
557 593 2616 719 Nos Johannes de Baiisen Baysen Augustinus de Schewe milites Gabriel de Baiisen Baysen
675 702 2516 782 Nicolaus de Wolkowo iudex judex Drschowiensis Laurencius Czertrz Colmensis Ruthgerus
656 764 2443 843 de Birkii Birki Thorunensis Laurencius pilgerim Pilgerim Elbingensis proconsules Johannes Kal
585 819 2569 902 Brunsburgensis Georgius Swach Crolowgrodensis Nicolaus Rodeman de Knypow Wil
635 872 2571 966 helmus Jordan miles et Johannes Meiidemburg Meydemburg Gdanensis Consules consules plenipotentes
637 928 2539 1033 ambasiatores Confederacionis confederacionis terrarum Prussie Significamus tenore presencium quibus
637 983 2564 1089 expedit universis quomodo attendentes oppressiones diversas aggravaciones et illibertates
640 1040 2613 1141 quas nos et nostrates dicte lige et compactacionis a multis retroactis annis a Cruciferis
654 1088 2617 1198 de Prussia passi sumus et sunt minus iuste juste formidantesque ad servitutes maiores majores et illiber
655 1156 2544 1261 tates subiugari Prout prout vi sua intendebant et in Consistorio consistorio Imperiali imperiali et sua
649 1216 2617 1335 presencia nobis minati sunt Volentes igitur premissis malis obviare racione humana do
646 1280 2573 1383 cente que semper ad optima tendit et pro libertate clamat et laborat de communi nostro
626 1324 2585 1428 et omnium nostrorum seniorum et Communitatum communitatum Militum militum et procerum et Civitatensis civitatensium consilio finali
619 1385 2526 1497 et conclusione omagia et omnia debita et obediencie seruicia servicia magistro generali et ordini
620 1445 2534 1548 Prussie iuste juste subtraximus et vim vi reppellere volentes diffidavimus ad Serenissimum serenissimum
617 1499 2517 1623 Principem principem et dominum dominum Kazimirum Regem regem Polonie magnum ducem Lithwanie et heredem
639 1536 2604 1678 Russie et Pomeranie Terrarum  terrarum et cetera dominus dominum nostrum graciosum missi Ad ad cuius cujus serenitatem ob predicta
626 1630 2517 1759 gravamina tanquam ad verum heredem et patronum Dominium dominium tocius Terre terre Prussie secundum
657 1654 2546 1789 omnia jura devolutum dinoscitur ad suscipiendum suam serenitatem in Dominum dominum nostrum
656 1720 2539 1850 Regem regem et defensorem venimus ac ipsius Maiestatem maiestatem in dominum heredem et Regem regem nostrum
636 1775 2554 1907 et terrarum predictarum perpettuo nostro et omnium militum Civitatum civitatum et Terrigenarum terrigenarum predictarum
621 1825 2579 1974 Terrarum terrarum iuxta juxta certas condiciones et capitula in litteris et minutis desuper confectis assum
650 1886 2549 2005 psimus et terras nostras et nos ipsos Regno regno Polonie inwisceravimus imperpertuum imperpettuum univimus inte
639 1938 2510 2086 gravimus et incorporavimus ac presentibus unimus integramus incorporamus et inwisceramus
653 2002 2560 2137 coniunctim et indivisim Promittentes quod nostro et omnium militiarium Nobilium nobilium Terrigenarum terrigenarum
637 2062 2565 2186 et Civium civium nominibus patentes literas litteras sigillis nostris roboratas subieccionem fidem obedienciam
665 2108 2604 2258 suscepcionem et pollicitacionem nostram continentes iuxta juxta Minutam minutam per nos Cum cum ipso domino
587 2165 2594 2335 Rege rege concordatam trademus et consignabim consignabimus Ac ac omnia in prefata minuta contenta
640 2244 2548 2378 in executionem debitum et effectualem mandabimus et ponemus Quemadmodum Nos nos
648 2305 2540 2445 eidem Domino domino Regi regi et suis successoribus Regibus regibus Polonie nostro et omium omnium militarium
648 2364 2545 2492 Nobilium nobilium et Civitatum civitatum Prussie per nos corporaliter prestito astrinximus Juramento juramento
635 2442 2557 2579 Cuius Cujus quidem tenor copie sequitur in hec verba. In nomine Domini amen Ad
635 2505 2586 2642 perpetuam rei memoriam legum Legum divinarum humanarumque saluberime sancciones instituta et
654 2565 2536 2685 decreta quoslibet feudales et subditos iugum jugum subyeccionis et obediencie permittunt
689 2641 2580 2736 excuttere et in sortem Regimenque regimenque iustorum justorum dominorum se conferre dum rectorum et princi
662 2695 2592 2810 pancium temeritas frenis laxacis laxatis licencie per quolibet quelibet devia et abrupta graditur
643 2758 2587 2851 Et et manus non solum iniquas ad irrogandas iniurias sed eciam ad effundendum sanguinem
680 2814 2546 2925 Innocentem innocentem cruenta immoderata audacia porrigens quasi apud Deum
694 2884 2579 2985 ulcionum omnis vindicte racio conquieverit debachatur sed neque ac culpam contumeliam
690 2938 2544 3063 que iustus justus rerum extimator retorquet sed pocius ad providencie argumentum si onere
682 2976 2572 3149 oppressionuum oppressionum subditi impulsi opportuno iustoque justoque mutacionis remedio superbum iniustum
