2916 3742
409 399 2332 445 Eiusdem ejusdem domini Kazimiri Regis regis et suorum successorum Regum regum Polonie iuxta juxta vires et
408 456 2336 504 potencias nostras extremas efficere dirigere dirrigere et procurare Nec umquam quocunque colore arte
437 511 2321 558 necessitate casu opportunitate vel ingenio prefatum dominum Kazimirum Regem regem et suos
434 568 2315 611 succesores Reges reges et Coronam coronam Polonie descrere deserere Aut aut in preiudicium prejudicium lesuram aut offensam
437 624 2370 670 presentis subiieccionis subyeccionis et dedicionis nostre cum magistro et ordini ordine olim Prussie et magistris Al
447 682 2369 727 manie et Liwonie Livonie aliquos tractatus reconciliaciones Inscripciones inscripciones amicicias federa collo
438 736 2340 785 quia vel sermones Absque absque eiusdem ejusdem domini Regis regis speciali licencia vel consensu inire per se
444 794 2352 847 vel quascunque submissas personas directe vel indirecte palam vel clamdestine
432 851 2340 906 absque dolo et fraunde fraude sub fide et honore Cui quidem Serenissmo serenissimo Principi principi domino Kazi
435 905 2324 967 miro Regi regi Polonie quam primum feliciter terras Prussie aut Pomeranie ingressus fuerit
389 954 2354 1036 Ad ad suam requisicionem plene prestabimus prestareque nos astringimus fidelitatis subieccionis subyeccionis
428 1008 2363 1093 et obediencie perpetuo corporali interposito iuramento juramento omagium et quod iam jam in personis pre
432 1064 2300 1150 fatorum nunciorum nuncciorum nostrorum pretitisse prestitisse nos fatemur et recognoscimus et presenti nostra inscripcione pro
435 1128 2351 1206 firmitate ampliori facimus et prestamus Nos igitur Ambasiatores ambasiatores Confederacionis confederacionis
404 1187 2351 1266 Terrarum terrarum Prussie prenominati promittimus hec omnia in presentibus contenta debita exe
429 1244 2376 1318 cucione concludere et termiare terminare fide nostra bona mediante In quorum omnium maiorem majorem evidenciam
435 1299 2361 1372 et firmissimam ratificacionem sigillis nostris et signetis videlicet Johannis de Baiisen Baysen Augustini
413 1362 2382 1433 de Schewe Militum militum Gabrielis Baiisen Baysen Nicolai de Wolkowo Wolkow Judicis judicis Drschowiensis Nico
384 1427 2346 1495 lai Jordan de Kniipow Knypow Militis militis et Johannis Maiidburg Maydburg Gdanensium consulum quibus
432 1485 2391 1551 omnes ad presens utimur presentes nostras litteras communiri fecimus et roborari Actum et datum
356 1546 2178 1610 Cracovie feria quarta Cinerum Anno anno Domini Millesimo millesimo quadringentesimo quinquagesimo quarto
