2916 3742
668 374 2597 427 cuius cujus ad Trecentorum trecentorum ex nobis Principalium principalium capitalem trucidacionem processuros se et Vlcionem ulcionem
659 442 2567 495 que quamlibet de nobis velut servis empticiis et obnoxiis sumpturos terrore publico et clamore
663 480 2589 538 disponebant. Que que quidem Cesarea cesarea sentencia et eiusdem ejusdem Magistri magistri et ordinis Prussie instancia
668 555 2555 598 vlcio ulcio quoque de nobis extendenda adeo nobis indigna prout erat visa est. Ut ut non viris
671 607 2549 655 modo sed feminis. Non non katholicis sed Scitis fedum et intollerabile esset ad tantam obnoxie
653 657 2612 711 tatem calamitatemque detrudi Tot igitur et tantis pluribusque aliis quas. Ut ut nostro consula
642 705 2552 765 mus honori silencii tegimus velamine oppressionibus oneribus atque gravaminibus et iniuriis
641 735 2597 811 lacessiti. Presertim presertim cum illas Videremus videremus in infinitum trahi et nowo genere crestere crescere et augeri
654 807 2546 877 superbo avaro et iniusto Prefatum prefati Magistri magistri et ordinis dominio Auctoritate auctoritate et suffragio naturalis
645 861 2567 934 et humane legum renuncciavimus omnem obedientiam fidem et h ſubyeccionem subyeccionem Illis illis et cuilibet
647 917 2612 986 eorum subtrahendo Verum cum Regem regem et Coronam coronam Polonie prefati ordinis patronum funda
647 966 2612 1043 torem et dotatorem ac Terras terras predictas usque videlicet Prussie Chelmensis Pomeranie et Michalouiensis Michaloviensis acorpore a corpore
650 1020 2570 1098 et proprietate Regni regni Polonie preter iusticiam justiciam et equitatem per vim et arma alienatas constat
656 1073 2624 1157 extitisse Prisco prisco nostro Capiti capiti et primeuo primevo corpori a quo excideramus postquam Juris juris nostri esse cepimus
662 1135 2601 1208 Illico nos revniendos reuniendos reintegrandos quod censuimus quo amplius liquere possit renuncciacionem et sub
656 1184 2555 1262 traccionem obediencie Magistro magistro et ordini excuciendo tirrannicum iugum jugum et superbum ac awarum
653 1238 2561 1314 presidium per nos factam non solum vendicacionem libertatis sed iustum justum principatum Imperium imperium
638 1302 2564 1371 et solium quesivisse In hunc itaque morem Ad ad serenissimum Principem principem dominum Kazimirum
660 1360 2591 1429 Deigratia Dei gracia Polonie Regem regem Magnumducem magnum ducem Lithwanie et heredem Russie et Coronam coronam Polonie In
672 1423 2565 1490 quos Jure jure divino et humano prefatarum Terrarum terrarum hereditatem et omniodam omnimodam successionem
660 1474 2570 1538 comperimus devolutam solemnes solemmnes nostros nunccios et Magnificos magnificos Nobiles nobiles et prudentes dominos
681 1534 2594 1597 Johannem de Haÿsen Baysen Auguſtinem Augustinum de Schewe Gabrielem de Haÿsen Baysen et cetera utsupra. ut supra Cum cum plena
672 1594 2591 1656 facultate transmisimus Ac ac sue maiestati et in ſuum suum Regalem regalem thronum solium dicionem et potestatem
647 1650 2591 1716 Terras terras predictas Prussie Chelmensis Chelmensem Pomeranie et Michalouiensis Michaloviensem et quascumque allis alias eis anne
653 1710 2631 1776 xas in terra et mari consiſtens consistentes personas nostras Castra castra fortalicia Civitates civitates opida villas Res res
641 1771 2595 1830 et fortunas nostras que hactenus in nostra potestate sunt et in futurum erunt dedimus et subiiecimus subyecimus
644 1800 2610 1884 et presentibus voluntarie et spontance spontanee perpettue dedimus damus et subicimus subycimus ipsumque dominum Kazimirum
630 1883 2660 1934 regem Polonie pro vnico, unico iusto justo et legittimo domino et herede suscipimus, recipimus et acceptamus
616 1929 2658 1992 ac nos et terras predictas in ius, jus sortem proprietatem et titulum corone Polonie reintegramus.
617 1984 2653 2063 revnimus, reunimus incorporamus et invisceramus, omnium priuilegiorum, privilegiorum libertatum et prerogativarum regni Polonie
638 2058 2625 2119 vsum usum et participacionem et signanter comunem cum aliis regnicolis futurourum futurorum regum eleccionem
650 2115 2603 2175 et coronacionem habituri, ipsamque dedicionem, subieccionem,  subyeccionem suscepcionem et obedienciam iterum
642 2167 2592 2233 atque iterum profitemur et innouams, innovamus subicientes subycientes nos terrasque predictas in perpettuam prefati domini
659 2230 2636 2288 regis et suorum successorum et regni Polonie dicionem, gubernacionem, proteccionem, potestatem, fidem, impe
659 2288 2666 2351 rium et reginem regimen promittentes pro nobis, heredibus et successoribus nostris sub fide et honore
635 2352 2643 2412 atque onere per nos prestiti iuramenti, juramenti quod prefato illustrissimo principi domino Kazimiro Polonie
657 2415 2642 2478 regi eiusque ejusque successoribus regibus Polonie velut fideles et subiecti subyecti quemadmodum eiusdem ejusdem
648 2472 2606 2538 regni incole, parebimus, auscultabims auscultabimus et obediemus fideliter et constanter perpettuo et in ewm,
647 2535 2606 2593 iuribus juribus nostris semper saluis, salvis in ipsiusque domini regis et suorum successorum Polonie regum dicione,
663 2593 2621 2659 potestate, gubernacione, subieccione, subyeccione imperio et regimine ab hac hora et imperpettuum perdurabimus
639 2659 2607 2722 et consistemus, nec vllo ullo tempore nos a corona Polonie, cuius  cujus sums sumus corpus indiuiduum individuum
672 2718 2618 2785 scindi sequestrari aut alienari permittemus aut consenciemus promittentes prefato domino Kazimiro
654 2775 2627 2851 regi et suis successoribus regibus Polonie in omnibus felicibus et aduersis adversis et quibuscunque
690 2832 2609 2913 casibus ope presidio consilio et auxilio fideliter contra quoscumque eorum hostes et aduersarios adversarios
690 2890 2612 2976 et quascumque personas eclesiasticas uel vel seculares quacumque prefulgeant dignitate, comu
696 2943 2603 3040 nitates, uniuersitates universitates et signanter adherncis adherentes contra magistrum et ordinem quondam Prussie, Almanie et Liuonie Livonie
471 3006 2612 3103 fideliter corpore, animo et rebus, et cum effectu assistere, et bonum, vtile, utile comodum, honestum
