1740 2644
136 118 1185 262 Posteriorum Fo. CXXVIII
74 235 1190 345 immediata. Si autem aliquis dicat primas propositiones imme-
80 333 1188 445 diatas esse principia Unum in unoquoque genere. si vero ne
80 424 1196 558 que ex omnibis ut opus est demonstrari quodlibet neque sicut
80 533 1183 643 ex altera quare erunt uniuscuiusque scientie altera Relinquitur igi
80 622 1190 740 tur que non omnium sunt eadem principia. si proxima sunt prin-
74 722 1191 828 cipia omnium. sed ex his quidem hec ex illis autem illa. Mani
82 807 1188 926 festum autem et hoc est quam non contingit monstratum est enim que
85 906 1191 1038 altera principia genere sunt ex quibus et circa que. ex quibus
86 1001 1178 1125 quidem igitur communia sunt. Que autem sunt circa propria sunt ut
94 1103 511 1210 numerus et magnitudo.
96 1142 1184 1250 ¶ Utrum omnium sylogismorum sine eadem principia Pro intellectione huius questi
88 1191 1180 1299 onis mote Notandum est primo Que post quam aristotiles ostendit quomodo una
91 1236 1174 1342 scientia differt et distinguitur ab alia Et quomodo unitas scientie capienda
88 1277 1175 1386 est ex unitate subiecti. et diversitas scientiarum accipitur ex diversitate
91 1322 1180 1430 subiecti. Et consequenter iam determinat de istis duobus scilicet de subiecto et de prin
91 1366 1174 1473 cipiis. et tractando de istis ostendit primo que scientia non est de causali
86 1408 1180 1517 bus et fortuitis et probat hoc sic. Scientia est illorum que semper sunt vel
88 1448 1180 1562 frequenter. sed casu alia non semper sunt nec frequenter. ergo de ipsis non
88 1495 1180 1602 est scientia Maior et scientia debet esse ex veris ex quo conclusio debet
92 1537 1175 1648 esse vera. Minor patet ex secundo phisicorum ubi aristotiles diffiniens casum et
92 1581 1172 1690 fortunam ostendit que fortuna et casus sunt cause per accidens extra semper et
88 1621 1180 1737 frequenter. Si enim aliquid acciderit semper vel frequenter non esset a
88 1665 1174 1780 fortuna vel casu. effectus enim fortuitus vel casualis raro fit. ut decla
86 1709 1172 1824 ratur secundo phisicorum. Postea aristotiles probat que scientia non est de particula-
86 1750 1181 1869 ribus sensibilibus. Et est ratio eius ista. Scientia non est per sensum neque de
86 1797 1178 1915 his que maxime sensu cognoscuntur. Sed particularia sensibilia sunt
92 1843 1169 1953 homini. igitur. Maior est nota et scientia non habetur nisi per potentiam cogni-
82 1883 1174 2047 tivam potentem habere conceptum universalem. Sed sensus non patet habere nisi conceptum
1069 1981 1178 2054 BBb
