1734 2655
112 134 845 277 Posteriorum Fo.CX.
76 238 1183 336 Utrum determinatis extremis demonstratonis possibile sit media
82 289 1174 383 esse infinita. Pro intellectione questionis mote: Notandum est primo
75 334 1177 429 Que postquam Aristotiles determinavit de sylogismo generante scientiam. et
82 376 1182 470 etiam de sylogismo generante ignorantiam. Iam consequenter determinat de processu
75 418 1176 514 et quiditate sylogismi demonstrativi. Et primo ostendit quam in demonstra-
78 460 1170 556 tionibus non contingit procedere in infinitum per predicata quiditativa. Secundo
82 502 1177 600 ostendit qumodo non contingit procedere in infinitum per predicata substantialia. Ter-
75 545 1176 643 tio quomodo non per predicata accidentalia. Quarto ostendit que nullo modo et probat per
78 591 1170 685 rationes demonstrativas et analecticas Ponit ergo aristotiles in primis
82 632 1176 733 quasdam suppositiones Prima est ista omnis sylogismus est ex tribus terminis.
78 675 1176 772 maiore extremitate. minore et medio ut ostensum est in primo priorum
79 716 1174 817 ¶ Secunda suppositio necesse est aliquam demonstrationem esse resolubilem in
84 759 1174 859 immediata ratione utriusque premissarum. patet se ista omne corpus animatum est substantia
84 802 1182 902 omnis homo est corpus animatum. ergo omnis homo est substantia. Maior sic resoluitur ad
87 848 1180 944 immediata omne corpus est substantia. omne corpus animatum est corpus, ergo omne
82 887 1170 988 corpus animatum est substantia. Minor vero sic resolvitur. omne animal est corpus anima-
84 929 1176 1032 tum. omnis homo est animal. ergo omnis homo est corpus animatum. ¶ Tertia sup-
88 977 1174 1076 positionem necesse est demonstrationem procedere ex immediatis secundum veritate-
82 1016 1174 1122 Unde per hoc differt demonstrator a dyalectico. et dyalectius procedit ex im-
81 1059 1177 1160 mediatis secundum apparentiam Sed demonstrator procedit ex immediatis secundum
87 1101 1174 1203 veritatem. ¶ Quarta suppositio omnis demonstratio est ex his que per se sunt
82 1144 1176 1249 et non per accidens. ut probatum est ante. Istis suppositionibus habitis aristotiles
88 1191 1174 1292 in textu movet tres questiones. ¶ Prima utrum contingat procedere in infi
87 1234 1174 1334 nitum in sursum in demonstrationibus incipiendo a minori extremitate.
87 1275 1176 1379 ut posito que socrates sit terminus de nullo predicabilis non habet enim infe
87 1315 1174 1423 rius et de socrate dicitur homo. et de homine animal. et sic in infinitum ascendendo
84 1362 1176 1469 in predicatis quiditativis et magis communioribus virum ergo sit dare sta
81 1404 1168 1511 tum in aliquo predicato quiditativo sic que tale non habeat inferius aliquod
81 1446 1168 1553 ¶ Secunda questio quam aristotiles movet in textu est utrum incipiendo a ma
84 1491 1162 1597 iori extremitate sit procedere in infinitum deorsum descendendo. verbi
85 1538 1165 1640 gratia. ut substantia est predicatum quod non habet superius univoce. sub quo corpus
81 1579 1170 1685 sub corpore corpus animatum. sub quo animal. et sic descendendo usque ad indi-
87 1618 1165 1730 vidua utrum ergo alicubi sit status vel sit processus in infinitum. ¶ Tertia
88 1660 1170 1772 utrum dato statu in extremis utrum sit procedere in infinitum in mediis.
87 1706 1170 1815 ut verum inter infimum ut fortes et supremum ut substantia sit dare infinita
85 1746 1171 1861 media vel non. Et aristotiles ostendit que iste questiones sunt necessarie. ad
82 1789 1162 1902 sciendum utrum demonstrationes procedant in infinitum. in predicatis quiditati-
85 1830 1168 1964 vis. Si enim procederetur in infinitum tunc nihil sciretur. Infinitum enim secundum que
72 1871 733 2045 infinitum est ignotum ut ostenditur primo phisicorum.
1043 1924 1149 2028 XX 3
