1740 2644
703 130 1559 270 Liber Primus
548 240 1647 333 gativa que infert sua singularia sine medio et bene sequitur nullus homo currit ergo
548 293 1648 367 iste homo non currit et iste homo non currit. etceteriis. igitur. Exemplum de universali affirmativa que
548 334 1654 412 infert sua sigularia cum medio et licet non sequitur omnis homo est ergo iste homo est et iste homo
545 378 1657 452 est nec hic. omnis homo est animal. igitur socrates est animal et sic ex neccessario sequeretur contingens
549 418 1657 503 quod est contra principia logice tamen sequitur bene cum medio vel constantia omnis homo est animal et socra
549 462 1654 549 tes est homo ergo socrates est animal. Rationem huius correlarii assignat Paulus de venetiis et
548 508 1648 593 dicitt que sicut generans cum semine est perfectius quam generans sine sci-
551 550 1653 633 entie. sic universalis affirmativa est perfectior negativa et affirmativa
542 593 1651 674 infert sua singularia cum medio. et negativa sine medio. Negativa enim
542 636 1651 716 licet pautioribus indiget in inferendo non tamen in essendo cum presupponit affirmati
549 675 1651 762 vam. Ratio autem istius quare universalis affirmativa indiget medio et negativa non. et universalis
542 719 1648 802 affirmativa non includit medium inferendo sua singularia. sed negativa inclu-
542 759 1659 849 dit medium. sed si universalis aliquando includit media. infert etiam ea sine me
545 803 1660 893 dio. ut hic quilibet istorum currit demonstrando decem homines et infert
551 876 1387 932 bene sine medio ergo iste currit. etceteriis.
540 888 1654 985 ¶Notandum quarto et ultimo Aristotiles consequenter in textu soluit tertiam
545 943 1654 1032 questionem utrum scilicet demonstratio ostensiva potior sit illa illa que. est ad impossibile Et pri
543 988 1660 1073 mo aristo. potuit suppositiones aliquis. Prima Que demonstratio ostensiva.et ad impos
542 1028 1651 1117 sibile demonstrat patet et demonstratio ostensiva non concludit nisi manifeste necessarium. sed
549 1073 1643 1161 demonstratio ad impossibile non concludit nisi manifestum impossibile Exemplum pri
542 1113 1653 1203 mi tam affirmative quam negative Affirmative ut homo omne alium est corpus animatum. omnis homo
540 1153 1659 1245 est animal ergo omnis homo est corpus animatum. Exemplum negative ut hoc nulla substantia est quantitas
552 1198 1657 1286 omnis homo est substantia. ergo nullus homo est quantitas. Exem-
543 1241 1659 1332 plum tertii dato que tu negares illam Color congregativus visus non est al
548 1282 1654 1374 bedo. omnis nigredo est color congregativus. omnis color congregativus visus est al
546 1324 1660 1418 bedo. omnis nigredo est color congregativus visus. ergo omnis nigredo est albedo.
559 1364 1663 1463 Item negata illa color est discongregativus visus arguitur sic per suum condictorium nul
552 1411 1657 1511 lus color est disgregativus visus omnis albedo est disgregativa visus. igitur nullo al
548 1451 1659 1554 bedo est color. patet que conclusio cuiuslibet sylogismi est manifeste falsa. Secunda
543 1495 1663 1599 suppositio est que demonstratio ducens ad impossibile et ostensiva in aliquando conveniunt et
552 1534 1667 1640 in aliquando demonstrat. conveniunt in isto. et fiunt ex similibus terminis in simili figura et modo
554 1577 1660 1683 Demonstrat autem in isto et in demonstratione ostensiva premisse satis notiores in veritate conclusione
549 1624 1663 1725 Sed in demonstratione ducente ad impossibile conclusio est notior in finitate quam p~missa
548 1665 1657 1770 finita patet cum enim arguitus sic nulla albedo est nigredo omnis color est disgregativus
548 1708 1660 1814 visus est albedo. ergo nullus color digregativus visus est nigredo. hic premisse
548 1747 1669 1859 notiores sunt in veritate quam conclusio sed arguendo sic. omnis color disgre
548 1793 1665 1903 gativus visus est albedo. nigredo est color disgregativus visus er-
554 1834 1670 1949 go nigredo est albedo. hic conclusio est manifestius falsa quam minor magis
552 1881 1665 1990 enim manifestum est nigredinem non esse albedinem quam ipsam esse dis-
548 1924 1675 2079 gregativam visus. Tertia suppositio quam Aristotiles facit est hec
