1740 2613
713 129 1578 258 Liber Primus
551 252 1671 349 Cum igitur cognoscimus quidem que quatuor qui sunt extra equa-
562 342 1674 450 les sunt. quoniam equitibiarum adhuc deest propter quid quia
551 436 1671 542 trangulus et hoc est quia est figura recti linea. Si autem
550 529 1674 637 hoc non amplius propter quid aliud tunc maxime scimus et
546 624 1677 724 universale tunc est universalis utique potior est. Amplius quan
546 715 1667 818 tocumque utique demonstratio magis secundum partem est in infinita
551 807 1671 911 cadit universalis autem in simplex et finem. Est autem secundum quod sunt
554 901 1671 1008 infinita non scibilia sed secundum que sunt finita scibilia sunt. Secundum
546 1000 1668 1104 itaque que universalia sunt magis scibilia sunt quam que secundum partem
554 1091 1667 1200 Demonstrabilia ergo magis sunt universalia de demonstra-
546 1190 1674 1293 bilibus autem magis est demonstratio. Similiter magis ad ali
554 1277 1683 1389 quid sunt. dignior ergo universalis est quam quidem et magis est
551 1383 1671 1489 demonstratio. Amplius si magis proponenda est secundum quem
551 1471 1671 1586 hoc et aliud quam secundum quem hoc solum cognoscitur Universale
551 1569 1668 1691 autem habens cognoscit et particulare hoc autem universale non sci-
554 1665 1668 1784 vit et sic magis proponenda erit universalis. Amplius autem et sic universale
550 1759 1673 1882 enim magis demonstrare est quod est per medium demonstra-
551 1861 1673 2019 re cum propinquius sit principis proxime autem immediatum est
