1752 2619
698 122 1575 257 Liber Primus
605 241 1715 349 quantitatibus sunt. Alia vero in qualitatibus sunt solum
602 344 1715 446 de quibus demonstratur per communia. Amplius principio
598 439 1712 535 rum non multum minora sunt conclusionibus. principia enim
603 533 1711 643 quidem propositiones. propositiones enim assumpti termini. aut
599 641 1711 726 immissi sunt adhuc conclusiones infinite sunt termini autem
589 724 1715 835 finiri. Amplius principia hec quidem ex necessitate. Alia autem
593 819 1709 932 contingentia sunt. Sic igitur in intentione habitis impossibile
592 916 1701 1027 est eadem esse. Necesse est ergo alia esse. aut finita cum infini-
582 1017 1696 1123 te sunt conclusiones. Si vero aliter quodammodo dicat aliquis.
586 1111 1695 1223 que hec quidem geometrie. Alia vero sylogismorum alia vero
584 1201 1699 1315 medicine. quod utique erit aliud quod dicitur nisi que sunt prin-
582 1296 1703 1414 cipia scientiarum. eadem igitur dicere derisio est. quam eadem eis-
580 1404 1703 1513 dem eadem essent. omnia nanque sic erunt eadem. At vero ne-
576 1495 1695 1607 que quod est ex omnibus demonstrare quodlibet horum. Hoc
574 1585 1690 1708 enim est querere omnium eadem esse principia. multum enim
574 1684 1692 1805 insipiens est. Neque enim in manifestis hoc fit dictrinis. neque
574 1786 1690 1903 in resolutione possibile est Immediate enim propositiones prin
568 1888 1687 2031 cipia sunt. Altera autem conclusio fit accepta pro propositione
