1746 2631
817 109 1229 245 Liber Primus
542 214 1667 315 singularem modo singularium non est scientia nec demonstratio. Minor est nota et
545 268 1659 353 sensus est sigularium et sentire est solum particularium. quod singulare nunquam est
560 315 1662 404 sine conditionibus individuantibus que sunt hic et nunc Universale autem est abstractum
557 385 641 434 ab his et est ubique et semper cuius intellectus dicetur inferius.
558 410 1659 536 Notandum est secundo Que ex
548 494 1661 586 his que dicta sunt et probata ab aristotile. Aristotiles infert tria corre-
555 533 1671 627 laria. Primum que sentire non est scire. nec sensatio est scientia et hoc est contra
557 578 1669 678 antiquos que dicebant sensum esse intellectum et sensationem intellectionem et
551 622 1653 713 per conseqens scientiam. ¶ Secundum correlarium est hoc que licet sensus sit causativus
555 669 1662 752 scientie tamen notitia scientifica est nobilior cognitione sensitiva. probatur prima pars
562 708 1659 799 et nihil est in intellectu nisi prius fuerit in sensu et etiam dictum est ante. que
560 754 1656 838 deficiente in nobis aliquo sensu a principio nativitatis necesse est in nobis
555 789 1669 891 deficere scientiam de sensibilibus illius sensus. Sed secunda pars patet. et notitia
557 838 1659 928 scientifica est noblior notitia non scientifica. Sed notitia sensitiva non est
554 879 1659 973 scientifica et etiam scientia est notitia rei universalis. sed notitia sensitiva est rei singu
564 923 1659 1017 laris modo res universalis est dignior particulari. ¶ Tertium correlarium licet non est
558 963 1671 1065 possibile sentiendo scire aliquam conclusionem demonstrabilem. tamen sensus est adiu
560 1008 1669 1107 vativus scientie patet et sensus est minister intellectus. minister autem est causa
564 1087 1191 1143 coadiuvans ut voluntas domini perfitiatur.
Notandum est tertio Que Ari-
562 1186 1671 1289 stotiles in textu probat quatuor. Primum Impossibile est omnium verorum et fal-
555 1229 1672 1330 sorum esse eadem principia. et probat aristotiles sic sylogismorum quidam sunt ve
562 1276 1662 1373 ri et quidam falsi. sed principia sylogismorum verorum sunt vera. et principia fal
560 1314 1667 1422 sorum sunt falsa. sed verum et falsum non sunt idem. verum enim est ens. sed falsum est
560 1359 1661 1464 non ens. ergo non omnium verorum et falsorum eadem sunt principia. sylogismi enim
568 1404 1665 1506 veri non possunt fundari in falso. nec sylogismi falsi possunt fundari in vero.
560 1447 1661 1558 ¶ Sequitur correlarie que sylogismus falsus dicitur dupliciter. Uno modo materialiter
558 1485 1669 1600 scilicet cuius aliquarum premissarum est falsa. sed sylogismus falsus formaliter est que pec
564 1533 1665 1641 cat in forma. et scilicet non est debite regulatus in modo et figura. Et de tali
565 1571 1665 1689 sylogismo non loquitur hic aristotiles. sed loquitur de sylogismo que est falsus ma
562 1616 1662 1729 terialiter. Secundo probat aristotiles que impossibile est omnium falsorum esse eadem
562 1657 1667 1775 principia. probatur. Impossibile est incompossibilia esse eadem. sed principia aliquo-
558 1704 1661 1816 rum falsorum sunt incompossibilia. igitur Maior est nota Illa enim que incompossibili
562 1749 1661 1860 lia sunt unum repellit et expellit aliud Minor et iste sunt incompossibiles
565 1787 1671 1907 homo est asinus. homo est bos Iustitia est audatia Iustitia est timor Unde incom
571 1834 1667 1949 possibilia dicuntur in proposito ex quorum uno sequitur oppositum alterius ut tu es
571 1879 1675 2039 asinus ergo tu non es bos et iustitia est audatia ergo iustitia non est timor. si ergo
