1716 2631
692 143 1508 282 Liber Primus
532 283 1648 368 enim quod duobus rectis inest non secundum quod est equitybia-
537 385 1658 472 rum sed secundum quod triangulus est cognoscens quam equitibiarum
537 482 1664 572 minus cognoscit. inquantum ipsum est ipsius que cognoscens quam
533 577 1657 659 trangulus est. Et omnino si non sit quam secundum quod est trangulu-
529 672 1657 755 lus. et postea demonstrat non erit demonstratio. Si vero co
529 773 1658 860 gnoscens unumquodque secundum quod unumquodque est magis co-
533 865 1663 951 gnoscit. Si enim traingulus in plus est et ratio eadem est et
529 970 1664 1048 non secundum equivocationem trangulus est et inest omni trian-
529 1061 1654 1148 gulo quod in duobus rectis non utique est trangulus secundum quod
532 1159 1653 1246 est equitibiarum sed equitibiarum secundum quod est triangulus
533 1249 1663 1338 habet huiusmodi angulos quare universaliter sciens magis
533 1341 1664 1439 scit. secundum quod est quam partem potior utique universalis est
526 1439 1654 1539 quam particularis. Amplius siquidem sit ratio quedam una non
532 1539 1657 1635 equivoca universale erit utique nihilominus quibusdam secundum partem
521 1629 1664 1739 sed magis est quantum incorruptibiliora sunt illis quam que secundum
524 1730 1651 1831 partem. Que vero secundum partem corruptibilia magis. Amplius
526 1821 1657 1932 neque una necessitas est opinari aliquid esse preter hoc quoniam
526 1923 1663 2060 unum ostendit nihil magis quam in aliis quecunque non aliquid si-
