1783 2619
704 110 1570 234 Liber Primus
596 200 1708 298 sequela. et si esset processus circularis in genere substantie tunc homo demonstrabitur
601 257 1705 336 de substantia et econverso. Hoc enim fieri non posset. nisi illa predicata converte-
605 302 1698 382 rentur inter se. ¶ Quarto aristotiles. probat que non contingit procedere in in-
601 341 1701 432 finitum in predicatis accidentalibus per accidens predicantibus. probatur in illis predica
605 388 1702 471 ns non contingit procedere in infinitum. ubi unum predicatur de uno predicatione di
608 430 1701 515 recta. neque ubi multa predicantur de uno predicatione directa. neque ubi unum pre
606 471 1702 555 dicatur de uno. aut multa de uno predicatione indirecta. igitur non est procedere
608 515 1701 606 in infinitum in predicatis accidentalibus per accidens presentibus. Tenet consequentia ex sufficienti
605 560 1705 644 divisione. Antecedens pro prima parte scilicet que non contingit procedere in infinitum sursum
598 603 1698 683 vel deorsum in predicatis accidentalibus per accidens predicantibus. ubi predicatur
599 643 1705 733 unum de uno predicatione directa. et cum omne predicatum unum sit in uno decem
595 686 1695 775 predicamentorum scilicet substantie qualitatis quantitatis et sic de aliis et predicamen-
604 730 1698 814 ta sunt finita. et decem. oportet etiam predicata esse finita. que predicantur tan-
604 772 1695 861 quam unum de uno et per constans tali modo non proceditur in infinitum. Sed que secunda
595 819 1695 905 pars sit vera scilicet non est procedere in infinitum sursum vel deorsum in pre
595 859 1695 947 dicatis accidentalibus per accidens predicantibus. ubi predicantur multa de uno pre-
593 905 1691 990 dicatione directa. ut hic homo est bicubicus albus et hic homo est bicubicus albus
592 945 1695 1037 musicus hic predicantur tria de uno. patet finitum infinities sumptum solum facit
596 987 1698 1076 finitum. sed quodlibet predicatum secundum se est finitum. ergo cum plura addantur
593 1031 1697 1123 simul non causatur nisi finitum. Quare concluditur que cum predicantur plura de
596 1073 1705 1171 uno non est procedere in additonibus illis in infinitum. Unde dicit Egidius
609 1118 1701 1209 Non ibunt predicationes in infinitum per agregationem. Sed que tertia pars
599 1162 1695 1252 sit vera. scilicet que non contingit procedere in infinitum in sursum vel deor-
601 1203 1702 1292 sum in predicatis accidentalibus per accidens. in quibus predicatur unum de uno vel
599 1244 1702 1335 multa de uno predicatione indirecta. probat aristotiles. In illo non est proce
598 1290 1698 1383 dere in infinitum quo demonstratio non utitur. sed demonstrationes non utuntur
596 1328 1702 1425 predicationibus indirectis. igitur in predicationibus indirectis accidentium non est
595 1373 1708 1469 procedere in infinitum. Maior est nota et si esset processus in infinitum
596 1418 1695 1511 in ipsis tunc demonstratio uteretur ipsis. Minor quia demonstratio
598 1459 1702 1556 solum utitur predicatione. Unde subinfert in textu. Accidens quidem predica-
599 1501 1705 1601 tur de substantia sed non econverso. nisi secundum accidens et secundum quid quibus demonstra-
596 1545 1705 1648 tor non utitur non patet enim accidens subiici respectu substantie nisi in vir
599 1626 970 1683 tute prime substantie.
Notandum est quarto et ultimo
602 1725 1698 1833 Aristotiles probat ultimo que non contingit procedere in infinitum in sursum
602 1770 1702 1876 et deorsum in predicatis accidentalibus per se predicantibus. Intelligendo per se ta-
592 1814 1705 1919 lia predicata proprias passiones. et arguit sic. Illud quod predicatur per se acci-
602 1860 1702 1997 dentaliter est passio propria nullum subiectum habet passiones infinitas
