1733 2644
623 118 1486 254 Liber Primus
557 243 1677 346 si de ea nihil predicatur per se. a autem in c primo. medium au
564 342 1675 440 tem in nullo priori et c sit I et hoc in b. Nunquid et hic sta-
561 440 1672 536 re necesse est. aut et hic contingit infinitum ire differt autem hoc a pri
561 533 1672 634 ori quam hoc quidem est. Nunquid enim contingit incepturum ab homini
568 627 1677 735 quod in nullo est altero sed aliud in illo in sursum et in infini
557 728 1675 818 tum abire alterumque incepturum ab homini. que ipsum quidem de
557 821 1683 915 alio de illo autem nihil predicantur. In deorsum intendere sic con-
558 916 1675 1022 tingit et in infinitum ire. Amplius nunquid contingit. Infini-
558 1012 1671 1117 tare media determinatis extremis. Dico autem ut si a in c sit
555 1107 1677 1214 medium autem ipsorum sit b. Ab ipsum b ad a alterum. sed alio-
558 1207 1675 1314 rum alia nunquid et hoc contingit in infinitum abire Aut im-
554 1302 1663 1402 possibile. Est autem hoc intendere idem esse. etsi demonstra-
555 1401 1666 1508 tiones in infinitum veniant. et si est demonstratio rei omnis
554 1492 1677 1611 aut invicem includantur. Similiter autem dico et in privati-
562 1586 1671 1715 vis sylogisimis et propositionibus ut si a non inest b. nulli autem
564 1683 1669 1800 primo. Aut est aliud infra cui priori non inest ut si prius a non
558 1781 1677 1902 inest ipsi c. quod sit in omni et iterum hoc etiam in alio priori
564 1883 1671 2047 ut si c est quod in omnibus et numquam in his infinita sunt in qui
