1746 2656
134 109 740 261 Posteriorum Fo. CXXII.
92 225 1202 320 demonstratio ostensiva procedit modo nature. Demonstratio ad impossibi
94 275 1198 361 le contra naturam patet. quia processus nature est ex prioribus et notioribus.
94 318 1199 408 Sic in demonstratione ostensiva premisse sunt priores et notiores conclu-
98 364 1199 450 sione. In demonstratione autem ducente ad impossibile conclusio est notior
100 408 1196 494 premissis in falsitate ut ostensum est. ¶ Quarta suppsitio. In demonstratione
94 447 1196 535 ducente ad impossibile processus destructibus ab interemptione conclusio-
97 494 1194 578 nis ad interemptionem premissarum non est processus sylogisticus. nec inter
98 535 1202 622 emptio conclusionis habet se ut premissa nec interemptio premissarum ut
97 584 1199 671 conclusio patet sic dicendo. conclusio est falsa ergo aliqua premissarum Istis no
101 621 355 705 tabilibus sic stantibus est.
109 666 199 774 Conclusio responsalis Demon
98 759 1196 854 stratio ostensiva negativa. dignior est ducente ad impossibile. sicut de
98 802 1194 897 monstratio ostensiva affirmativa dignior est ducente ad impossibile.
106 851 1198 938 Prima pars conclusionis probatur. et demonstratio ostensiva negativa
110 892 1202 981 est ex dignioribus et credibilioribus quam demonstratio ducens ad impossi
110 936 1204 1024 bile. igitur. Tenet conclusiva. quia digniora et credibiliora sunt potiora. Antecedens
106 981 1198 1068 probatur. et licet utraque est nota ex non esse sed ostensiva negativa est
110 1022 1208 1114 nota ex non esse priori ratione premissarum. sed ducens ad impossibile est
106 1065 1202 1153 nota ex non esse posteriori ratione conclusionis. Secunda pars conclusionis patet. et
110 1105 1198 1198 demonstratio negativa ostensiva notior est et dignior ducente ad impos-
115 1152 1198 1245 sibile ut probatum est. sed affirmativa est dignior negativa. ergo demon
106 1190 1199 1288 stratio affirmativa ostensiva notior est demonstratione ducente ad impos-
110 1236 1199 1333 sibile. Tenet conclusiva. quia quicquid est dignius digniori est dignius minus
109 1280 1199 1382 digno. Minor autem probata est superius. ubi probatum est que propositio affirmativa
106 1322 345 1415 est dignior negativa.
129 1360 149 1428 A
172 1381 1204 1460 rguitur primo. Demonstratio affirmativa non est dignior negativa.
112 1418 1202 1503 igitur. probatur. Ille demonstrationes que eodem modo procedunt et no-
115 1451 1205 1547 tificant. una non est potior nec dignior alia. sed demonstratio tam affirmativa
115 1499 1210 1595 quam negativa eodem modo procedunt. igitur. Maior est nota et una deberet
116 1543 1205 1636 esse potior alia tunc una potiori modo procederet quam alia. Minor et utra
115 1584 1210 1685 que procedit ex immediatis ut probatum est superius. ¶ Dico verum argumentum
115 1631 1208 1727 concluditque utraque procedit ex immediatis. sed non eodem modo et demonstratio
115 1671 1208 1770 affirmativa procedit ex ambabus affirmationis. sed negativa ex una affirma-
109 1711 1205 1811 tiva et alia negativa et etsi licet una negativa non habeat aliam priorem nega-
106 1751 501 1859 tivam tamen habet affirmativam priorem que est notior ipsa.
123 1791 165 1862 A
178 1816 1202 1894 rguitur secundo. Demonstratio ducens ad impossibile non est demonstratio
118 1850 1205 1949 igitur. probatur. Demonstrationis demonstratio est sylogismus. sed demonstratio ad im
109 1885 1202 2033 possibile non est sylogismus. igitur. Maior est nota. Minor probatur et omnis
