1765 2613
703 123 1622 258 Liber Primus
597 239 1717 357 que in illis logice aliqua quidem speculentur hoc manifestum est
595 349 1711 451 in his quidem igitur que in eo que quid est predicatur patet
598 442 1711 542 si enim diffinire aut si notum est quod quid erat esse. infi-
588 541 1706 638 nita autem non est transire. Necesse ergo fieri in eo quod quid
588 634 1705 734 predicantia universaliter autem sic dicimus. Est enim verum dice
582 734 1706 824 re album ambulare et magnum illud lignum esse. et iterum li-
579 827 1709 923 gnum magnum esse. et hominem ambulare. Alterum igitur est di
583 929 1699 1019 cere sic. aut illo modo. Cum enim album quidem dico esse lig-
576 1026 1701 1116 gnum tunc dico cui accidit album esse. lignum est sed non que
563 1123 1696 1215 subiectum ligno album est. Et nanque neque quod cum album
575 1217 1699 1310 est. neque aliquod vere factum est lignum. quare non est secundum
569 1307 1699 1409 se primo sed aut secundum accidens. Cum vero lignum album esse
572 1406 1695 1506 dico. non que alterum aliquod sit album illi enim accidit li-
563 1502 1689 1601 gnum esse. ut sum musicum album esse. dico tunc quoniam
566 1604 1686 1701 albus homo est. cui accidit musicum esse dico. Sed quod li-
562 1702 1689 1797 gnum est subiectum. quia quod vere subiectum factum est.
557 1795 1690 1897 non que aliud alterum quam quod vere est lignum. aut lignum ali-
557 1898 1679 2020 quod. Si igitur oportet nomina ponere et sic dicere predicari. sed illo
