1796 2634
373 222 1318 320 Pars. ij. $ viij.
200 317 1456 398 cura in anime sue et promouentis iacturam committatur. redditurus est enim
200 374 1443 449 promouens de his districtam rationem. In homini ergo officijs profecto satius
197 424 1444 494 esset commisisse viris prestantibus. maturis doctis. et integris. qui perso-
200 469 1444 547 narum haberent delectum. quibus fides adhiberi possit. que saluti reipub
200 516 1449 599 consulat. que deum et animarum salutem preferant. que quam nequaquam afficiantur
197 564 1454 648 ex quacunque temporali causa ipsi persone. sed vt ab eis sola probitas virtutum. scien-
199 620 1454 689 tia. eloquentia. et profectus subditorum consideretur. Aduertentibus quidem
196 662 1449 741 quod ait philosophus. j. Politicorum dicens. Qui curat rempublicam sed non
200 712 1447 788 illum qui propriam vtilitatem vendicat accipias in rectorem. cui concordat
200 762 1447 839 c. Dilectissimi. viij. q. ij. Procu reuera procul exterminandi sunt ambiciosi
204 815 1449 888 qui ob priuatam vtilitatem vel iniquam ad suos affectionem vniuersam rempub.
199 857 1449 937 omnem honestum ordinem iustamque remunerationis distributionem infringem.
196 907 1453 987 violare perturbareque non erubescunt. Iterum atque iterum exhortor vt summopere
200 962 1449 1034 caueat princeps. ne attentare presumat contra canones qui habentur. lxiij.
196 1006 1447 1074 distin. c. Nullus laicorum. et. c. se. et. c. Omnis electio ibidem. Et de elec. c. sacro
193 1049 1446 1129 sancta. et. c. Messana ecclesia. Sed imitari studeat Ualentinianum impera-
197 1097 1443 1180 torem christianissimum. de quo habetur. dicta. lxiij. distin. c. Ualentinianus.
201 1145 1443 1232 vbi sic legitur. Ualentinianus imperator veniens ab oriente ad Hesperias
196 1198 1447 1278 partes mortuo Aurencio Arriane perfidie magistro. que Mediolanensem
194 1240 1453 1324 ecclesiam vt lupus dilaniauerat. Cum vellet imperator catholicum deo ordi
187 1292 1454 1369 nante ibi consecrari episcopum. Euocans episcopos. hec eis locutus est. nostis aperte
200 1336 1446 1422 eruditi diuinis eloquijs qualem oporteat esse pontificem. Et quia non decet
197 1381 1441 1470 cum verbo solo. sed etiam consuersatione gubernare subiectos. et totius
190 1438 1444 1518 semetipsum imitatorem virtutis ostendere. testemque doctrine conuersationem
197 1483 1447 1567 habere bonam. Talem itaque in pontificali constituite sede. sui et nos qui guber-
190 1539 1447 1616 namus imperium sincere nostra capita summittamus. et eius monita dum
193 1580 1449 1666 tamquam homo delinquimus necessario veluti curantis medicamina suscipia-
196 1627 1443 1713 mus. Hec autem cum dixisset imperator. pecijt synodus vt magis ipse decerne-
188 1681 1447 1760 ret. Sapiens et pius existens. atque ille ait. super vos est talis eclectio. Uos enim
191 1728 1444 1808 gratia diuina potiti. et illo splendore fulgentes melius poteritis eligere etcetera
190 1777 1440 1861 De quo etiam Ualentiniano habetur de iudicijs. c. Nouit. Unde et de elec.
182 1827 1444 1908 c. j. dicitur. Nullus in ecclesia vbi duo vel tres fuerint in congregatione. nisi eorum
190 1875 1425 1956 electione canonica presbyter eligatur. Si vero aliter quis ecclesiam adeptus
187 1925 1440 2009 fuerit. eo que per cupiditatem illam acquisierit atque contra canonice regule disciplinam
191 1971 1440 2055 egerit expellatur. Hec ibi. Qui canon intelligitur cum illi duo vel tres etcetera sint
188 2025 1435 2105 per modum collegij. alias patroni est presentatio de iure patro. c. Postu
178 2070 1447 2184 lasti. Et in. d. c. Messana dicitur. Edicto perpetuo prohibemus ne per laycos
1266 2148 1368 2209 C 4
