1819 2639
547 218 1461 321 Pars. ij. $ iij.
371 319 1610 391 ei vita contemplatiua. Quilibet ergo vel viuit vt bestia: vel viuit vt homo.
374 376 1615 438 vel viuit vt angelus. Nam secundum vitam voluptuosam seu carnalem viuit.
366 431 1613 486 vt brutum. Secundum ciuilem vel politicam viuit vt homo. Secundum contemplatiuam
368 475 1613 540 viuit vt angelus. Quarum prima vita est pessima quia ducit ad interitum
374 520 1619 590 et consistit inquantum homo sensualia et carnis desideria insequitur. Secundum est bona
371 573 1613 637 que consistit inquantum homo secundum rationem ordinatur actiones sensitiuas et cor
371 620 1620 684 porales stringens eas seu dirigens secundum regulas naturalis et diuini iuris
368 671 1620 740 Tercia vero est optima et naturalissima homini. non secundumque est compositus
368 718 1620 791 quia sic ei vita humana id est mortalis et politica competit. sed secundum illud
372 771 1619 840 quod est principale et aliquid diuinum in ipso vt est intellectus que principalior
366 821 1622 885 est et naturalior pars hominis. secundum quam intelligentiarum naturam participat et
359 869 1628 938 hec vita alio vocatur nomine vita angelica seu diuina excellens humanam. De-
366 919 1618 986 diti enim operabilibus. alias humanam seu politicam vitam ducentibus propter diuer
363 964 1622 1030 sitatem negociorum emergentium turbantur erga plurima. et vt plurimum isti
356 1010 1618 1076 sentiunt passiones carnis. Dediti vero speculabilibus et contemplationi
362 1061 1618 1128 diuinorum quodammodo ab his passionibus sunt abstracti propter dulcedinem.
362 1112 1616 1178 quam sentiunt ex contemplatione. Quid attendens philosophus vnumquemque vt eam sibi eli-
362 1162 1616 1228 gat hortatur. x. Ethicorum dicens Homo mortalis id est vitam actiuam seu poli-
368 1208 1618 1274 ticam ducens pro posse debet laborareque viuat vita contemplatiua quia sic vi-
369 1256 1613 1328 uendo viuit secundum optimum eorum que sunt in ipso quod licet sit mole paruum quia
354 1309 1616 1370 scilicet caret quantitate corporea preciositate tamen excedit omnia que sunt in homine.
359 1356 1626 1422 et sic talis vita est delectabilissima et suauissima cum fit secundum optimum eorum
371 1408 1622 1473 que sunt in homine licet mundani homines carnalibus dediti oppositum iudicent
360 1451 1628 1520 sed iudicium ipsorum est falsum quia eos: vt dicit beatus Aug. Acetum dele
372 1499 1632 1573 ctationis carnalis quo sunt repleti non sinit mel suauitatis spiritualis degu-
362 1551 1629 1622 stare: de quo ait Psal. Quam dulcia faucibus eloquia tua super mel ori meo.
366 1602 1629 1668 et Mathei. xj. Tollite iugum meum super vos et discite me quia mitis sum et
368 1653 1629 1716 humilis corde. et inuenietis requiem animabus vestris. Iugum enim meum
suaue est et onus meum leue. Non aduertunt autem hec bestiales seu carnales
366 1749 1626 1819 homines qui propter delectationem carnis momentaneam suam animam eternaliter
372 1798 1622 1867 cruciandam dyabolo tradunt. Unde Aug. contra tales inuehit dicens. O quanta
365 1850 1626 1917 iniquitas: o quanta peruersitas vt animam quam christus suo sacro sanguine
362 1900 1626 1963 redemit luxuriosus quisque propter vnius momenti delectationem libidinis dya
362 1955 1629 2012 bolo pessimo inimico suo vendit et tradit vere nimium miseranda et plan-
372 2002 1629 2070 genda est conditio. En cito preterit quod delectat et permanet sine fine quod cru
362 2049 1622 2111 ciat Sub momento enim libidinis impetus transit et permanet sine fine. anime
368 2099 1632 2206 infelicis opprobrium. Sed dicet aliquis iuuenis homo sum facio quod mede-
