1779 2648
435 223 1562 338 Pars. ij. $ iiij. v. et vj.
386 335 1628 420 consuetudo vel speciale statutum alicuius regionis aliud caueat. Item secus
382 394 1631 467 est depriuatorum bonis que et alienari possunt et diuidi. Unde et eorum
388 439 1640 516 administratores id est possessores maiorem habent potestatem quam pu-
386 491 1634 567 blicorum: vt patet. ff. quod vi aut clam. in. l Prohibere. $. Plane vbi et glo.
392 539 1637 609 concludens dicit Maiorem potestatem habet priuatus administrator
394 588 1636 664 quam publicus. Publici autem administratores generales reipublice mun
391 635 1643 714 dane regni censentur principes. reges. duces. proceres Palatini Castellani etcetera
394 688 1646 766 quibus sine auctoritate suorum superiorum. vt dictum est. alienare de iure
386 735 1640 812 non licet. Non dico que rex noster habeat superiorem singularem in repub
397 787 1634 863 seculari. tamen tota communitas regni est eo superior seu est loco superioris.
394 832 1653 916 Nam eius administrationem gerit. In cuius signum in coronatione sua
392 879 1637 965 iurat in manibus Archiepiscopi et primatis Metropolitane ecclesie
388 929 1648 1007 Gneznensis recipientis nomine suo et aliorum prelatorum regni et ducum
391 979 1643 1057 ac procerum etcetera. non alienare bona regni inconsultis illis. Sicut ergo di-
398 1032 1639 1112 citur de prelato suo superiori iurante que sine licentia eius non potest alie-
394 1081 1649 1163 nare Sic dicendum est de iuramento regis. Unde secus rex faciens effi-
391 1135 1648 1206 citur periurus et raptor totius communitatis Communica eius alienando
397 1182 1646 1257 bona. Non frustra quippe textus sacri canonis in d. c. Intellecto dicit.
395 1231 1652 1307 Quia cum teneatur. et in sua coronatione iurauerit iura regni sui et ho-
398 1272 1646 1354 norem corone illibata seruare illicitum. Profecto fuit si prestitit de non re
397 1324 1643 1410 uocandis alienationibus huius modi iuramentum et propterea penitus
394 1372 1655 1453 non seruandum Hec ibi. Sit ergo princeps cautus ne sub pretextu etiam
403 1425 1653 1507 et pietatis rapinam regnicolis et posteris suis inferat. Unde si anni-
403 1474 1653 1557 uersarium et huiusmodi pro anima sua aut suorum parentum erigere cu-
404 1524 1650 1607 piat. Id quidem redditibus superexrescentibus vltra reipub. procura-
398 1574 1653 1650 tionem. pronunc suis bona aliqua priuata emens facere potest regia
394 1629 1652 1705 illibata: vt dicit textus in d. c. Intellecto. conseruando bona. Ingratum est namque
403 1680 1567 1753 deo sacrificium quod fit de alieno. xiiij. q. v. per totum v. $
438 1727 1656 1827 ¶ Non tamen reprehendenda est
404 1816 1649 1888 Imo laudabiliter commendanda pya ac salubris principum in lo
403 1868 1659 1938 corum plorum discreta et proportionabili prouisione Cum talia loca sint quodam
401 1927 1650 1991 modo publica regnoque multum vtilia vj. $.
Xenodochia quidem pro membris
407 2058 1665 2125 Regni debilibus et infirmis. C. de mendicantibus validis. I. Unica li. xj
409 2109 1656 2222 Ualidi enim. si per laborem proprium sibi prouidere: mendicare non
