1819 2622
428 211 1327 319 Pars. j. $ iij.
218 301 1390 393 cialibus iuribus expressis Ubi culpa predecessorum nocet successori. iij. $.
244 361 1477 474 ¶ Cum autem regna iure gentium
227 447 1466 524 ad se tuendum instituta sint. Igitur bona regni seu regia illorum. a quibus
224 502 1477 581 vel pro quibus sunt instituta esse censentur. Unde rex non dominus ipsorum
223 550 1470 629 Sed administrator censendus est ar.de dona. dona. c. fraternitatem. et. xij. q. j
220 598 1469 678 c. vltimo. Igitur rex conditione regni meliorare potest. facere vero de-
227 645 1475 725 teriorem non debet. secundum Bal. in proemio de vsufeudorum ar. c. Requi-
231 699 1470 774 siuit de in integrum resti. ff. pro emptore. I. Qui fundum. $. Si tutor. Et si que
224 744 1464 824 sint deteriorata in pristinum debent reduci statum. non obstantibus re-
233 795 1467 874 scriptis regum seu priuilegijs. Quia talia sunt preiudicatiua iuri alieno
231 839 1463 922 quod esse non debet. de rescriptis. c. Quiuis. li. vj. xxv. q. ij. c. Rescripta. Pri
231 895 1469 973 uilegia enim principum non debent esse preiudicatiua alicui tercio: qua licet
223 942 1470 1022 princeps donet. aut vendat. aut quocunque aliomodo illegitime alienet
227 994 1461 1069 bona regni. posset sufferri in preiudicium alienantis. non tamen in pre-
230 1037 1458 1115 iudicium tercij. quia quodlibet priuilegium intelligitur sine preiudicio iu-
225 1091 1469 1166 ris alieni: vt patet in c. Patentibus de priui. ff. Ne quid in loco publico
221 1133 1464 1214 fiat. I. Pretor ait. $. Si quid a principe cum suis concordancijs. Nec princeps
231 1188 1466 1268 priuilegium dare potest. vt dicit glo. in. d. c. Rescripta xxv. q. ij. Per quod
225 1241 1460 1308 prestatur immunitas a tributis. C. de vecti. I. Quicquid. Nec dare potest
221 1281 1464 1359 priuilegium contra rempublicam. vt dicit Bar. C. Si con.ius. vel vti pub
225 1331 1463 1407 l. fi. Uel quod esset contra ius. xxv. q. ij. c. Imperiali. Quibus apostolus concor-
221 1379 1470 1458 dans ait. Non enim volumus vt alijs sit remissio. vobis autem tribulatio. -
227 1430 1467 1507 ij. ad Corinthios. viij. quibus etiam sacra lex principum concordans ait.
233 1479 1458 1552 Rescripta contra ius elicita ab omnibus iudicibus precimus refu-
223 1525 1463 1608 tari nisi forte aliquod quod non ledat alium. et prosit petenti. vel crimen suppli
220 1576 1464 1651 cantibus indulgeat Item constitutio imperatoris ad populum nec dam-
212 1624 1467 1704 nosa fisco nec iuri contraria postulari oportet. xxv. q.j.c. Ideo. Nisi forte
217 1678 1461 1748 talia priuilegia modicam contineant lesionem. et quod in prefatis iuribus
218 1724 1463 1798 dicitur intelligendum est de enormi lesione. quia modicam lesionem bene
221 1778 1464 1851 potest prestare priuilegium principis: vt patet de. vetb. signi. c. Quid per
220 1825 1463 1899 nouale. Uel etiam si ex post facto incipiat enormiter ledere statim non
220 1868 1457 1950 valet vt patet de decimis. c. Suggestum. Quando cito enim priuilegium recedit
221 1916 1463 2001 ad iniquitatem statim non valet. vt. ff. de vulgari et pupil. I. Ex facto. et per
220 1967 1467 2043 successores potest. Et debet tale priuilegium cassari. lxiij. distin. c. Quia
224 2014 1469 2100 sancta $. verum in fi Et que hoc possit patet quia ipsa priuilegia dicuntur esse
220 2068 1469 2170 quedam priuate leges ab ipso principe concesse. d. c. Ideo. Sed princeps
1298 2129 1402 2235 A 3
