1751 2627
508 229 1415 328 Pars. ij. $. xj. et xij.
353 307 1610 391 baptismate recte viuant id est que se abstinuerunt a vicijs et concupiscencijs
356 375 1604 440 carnis. regnum enim celorum sicut infideles heretici atque scismatici non habebunt
356 423 1515 488 Sic catholici criminosi possidere non potuerunt. Hec ille xj. $.
484 472 1609 572 ¶ O quam periculosissimum est
369 560 1603 629 participare predictis hereticis videlicet. vel scismaticis. et etiam eorum fau-
360 611 1607 672 toribus. ex sacris canonibus liquide manifestum est. qua ergo fronte cum
365 665 1600 723 illis christiani communicare eut eos fouere audeant. aut illos in officiales
366 707 1604 773 (quod deterius est) constituere quasi se nesciant sacrilegium committere vel in
359 755 1607 818 excommunicatinis penam incidere. Clarum quidem est non solum ipsos he.
359 807 1593 871 reticos vel scismaticos. Uerum etiam fautores eorum et receptatores grauibus
362 853 1603 916 sententijs excommunicationum esse innodatos. vt hoc patet de hereticis. c. Sic
362 900 1578 964 ait. Et de sententia excommunicationis. c. Nouerit fraternitas. xij. $
394 951 1580 1049 ¶ Quomodo autem ipsi heretici
360 1034 1604 1103 vel scismatici ad fidem sunt compellendi. patet. xxiij. q. vij. per totum. et. c. Ad abo-
362 1085 1604 1154 lendam. et. c. Uergentis de hereticis. et eo. ti c. Cum secundum leges. li. vj. Co
366 1135 1610 1204 gendi quippe sunt etiam bonis eorum omnibus confiscatis. xxiij. q. vj. per totum
368 1185 1607 1250 et ea. q. iiij. Displicet. Sic enim eorum lucrarentur anime. et pro temporali pena euaderent
359 1231 1613 1294 eternam si se emendatos prestiterint. xxiij. q. vj. c. Uides. et. c. se. in. fi. Qui vero
368 1279 1604 1347 se emendare spreuerint in sua detestabili labe indurati permanentes vltimo
366 1329 1610 1395 sunt puniendi supplicio. xxiij. q. iiij. c. Quanto Et de hereticis. c. Excommuni
369 1374 1616 1444 camus itaque. Ex quo capitulo etiam habetur que hereticos vel scismaticos te-
372 1420 1613 1491 nentur principes et potentes sub iuramento coram episcopo prestito de suis fi-
362 1466 1609 1542 nibus extirpare. quod si moniti ab ecclesia. neglexerint: debent excommunicari.
373 1517 1613 1590 quod si contempserint infra annum. Papa eorum vasallos ab ipsorum fidelitate
363 1570 1616 1638 denunciare debet absolutos et terram eorum exponere catholicis occupan-
365 1618 1609 1690 dam sub indulgentia et priuilegio quo signati cruce ad terram sanctam mu
363 1668 1613 1736 niuntur Hec ex. d. c. Excommunicamus. Episcopi autem hoc ipsum negligentis pena que sit
362 1713 1610 1781 ibidem patet. Minime quidem parcendum est hereticis vel scismaticis. Secus
366 1763 1616 1830 autem est de iudeis vel alijs infidelibus si non sint christianis infesti et nature
369 1817 1613 1884 precepta non transgrediantur secundum Inno. in. c. Quod super his devoto. Sed
378 1863 1610 1932 cum vsura prohibeatur pagina vtriusque testamenti. c. Super eo de vsuris. et etiam
372 1907 1616 1980 sit contra nature legem: vt probat Aristo. j. Politicorum. Igitur et ipsi iudei
370 1957 1613 2022 vsuras exercentes nequaquam in hoc sustineri debent facit. c. Post miserabilem
372 2006 1623 2069 de vsuris vbi precipitur potestatibus vt cogant iudeos ad restituendum
381 2054 1629 2157 vsuras. Quod si principes non faciant demonstrat compelli censura ecclesiastica. vt dicit
