1796 2635
439 244 1179 339 Pars ij. $ iij.
235 342 1476 406 Non enim in multitudine et fortitudine exercitus belli victoria. sed de celo
221 401 1473 461 fortitudo et victoria. j. Machabeorum. iij. Cum ergo deu fuerit cum illis
229 456 1467 512 qui recte credunt. et deum timent iustitiam vnicuique ministrando. quis contra
229 499 1467 557 ipsos ad Romanos. viij. Si deus pro nobis quis contra nos. Et Iudi-
231 550 1475 606 cum. vj. Si deus nobiscum est cur apprehenderunt nos hec mala. quasi
231 592 1479 655 diceret. Mala non apprehendunt illos cum quibus est deus. non ergo fidei
228 649 1476 704 christiane debet imputari si aliquando aduersa contingunt reipub. sed pec
224 692 1473 752 catis hominum (vt dictum est) non obedientium doctrine euangelice. et transgre
231 745 1467 802 dientium eius mandata. prout etiam ait beatus Aug. in tractatu de excidio
235 793 1473 850 vrbis Rome vbi deus permisit flagellari multos in excidio vrbis quia
231 837 1469 897 seruus sciens voluntatem domini. et non faciens vapulabit plagis multis
232 887 1469 950 Luce. xij. Et ponit exempla. Unam tribulam sentit area vt stipula scindatur
231 938 1472 998 granum mundetur. Unum ignem fornax vt palea in cinerem pergat aurum sor-
231 989 1469 1043 dibus careat. Sic tribulationem Roma pertulit in qua vel emendatus
231 1039 1467 1097 vel liberatus pius. Damnatus vero impius etc. de ci. dei. li. j. c. ix. fuit ergo
232 1084 1473 1146 punita propter propria peccata. sic etiam et modo nostra respub. punitur
229 1134 1470 1195 propter nostram inobedientiam (vt dictum est) doctrine euangelice et trans
228 1181 1473 1239 gressionem eius mandatorum. Punieturqur adhuc acrius si emendatio se-
235 1235 1473 1289 cuta non fuerit. Quemadmodum et in veteri testamento factum nonnunquam
224 1273 1461 1339 legimus. Ob quam rem considerandum est diligenter. vt si quid erratum
231 1324 1459 1387 est emendetur. vt per opera pietatis. viciorumque correctionem diuina maiestas
221 1371 1457 1439 mitigetur. quam propter iniquitatem constat iratam esse. Nam si liberos no-
229 1427 1454 1484 stros (vt inquit Lactantius li. vj. institutionum) cum delictorum suorum cernimus
231 1474 1469 1531 penitere correctos esse arbitramur. et abdicatos abiectosque rursus tamen
sustentamus. suscipimus. fouemus. amplectimur. cur desperemus clemen-
231 1569 1464 1632 tiam dei patris. penitendo posse placari ergo idem dominus ac parens indulgen-
231 1616 1460 1683 tissimus remissurum se penitentibus peccata promittit et obliturum omnes iniqui
tates eius qui iustitiam denuo ceperit operari. Ait enim per propheta Conuerti-
221 1715 1464 1777 mini et agite penitentiam ab omnibus iniquitatibus vestris. et non erit vobis
218 1766 1459 1828 in ruinam iniquitas. Proijcite a vobis omnes preuaricationes vestras in
219 1812 1461 1876 quibus preuaricati estis. et facite vobis cor nouum. et spiritum nouum. et quare
221 1867 1461 1925 moriemini. quia nolo mortem morientis etcetera Ezechelis. xviij et infra eius
219 1910 1464 1976 dem. c. xxxiij. Tu itaque fili hominis dic ad filios populi tui iustitia iusti non li
221 1961 1460 2021 berabit eum in quacunque die peccauerit et impietas impij non nocebit
222 2015 1463 2074 et in quacunque die conuersus fuerit ab iniquitate sua. et iustus non po-
215 2064 1457 2124 terit viuere in iustitia sua in quacunque die peccauerit. etiam si dixero
218 2105 1454 2198 iusto que vita viuat et confisus in iustitia sua fecerit iniquitatem omnes
