2863 3689
951 2045 1611 2150 Jus Theutunicum Zavissio
1016 2113 1478 2176 de Codramb
413 2064 2530 2408 In nomine Domini Amen Ad perpetuam rei memoriam Ne error oblivionis
617 2242 2501 2336 gestis sub tempore versantibus par in postero pariat detrimentum alta regum
615 2296 2529 2418 et principium decreverunt consilia ea litterarum apicibus et fidedignorum testium
602 2364 2552 2491 perhennari pro inde Nos Kazimirus Dei gracia Rex Polonie Necnon terrarum
593 2428 2505 2566 Cracovie Sandomirie Siradie Lancicie Cuyawie Magnus dux Lithwanie Po
581 2493 2525 2627 meranie quoque dominus et heres Russie Significamus tenore presencium
570 2564 2567 2675 universis quibus expedit Quam peticiam pro parte Nobilis Zavissus de Codramb
579 2635 2574 2775 mayestati nostre presencia continebat qualis villas et hereditatis ipsius
606 2698 2430 2811 Codramb predictam et Vola Codrambska in districtu Radomskie
593 2770 2496 2861 et Vydawka in districtu Pyothrkoviensi et terra Siras de jure
584 2834 2542 2947 Polonico In jus Theutunicum quod Maydemburgensem dicitur transferre
587 2892 2528 3022 dignaremur generose Nos itaque peticionibus hujusmodi tamquam justis beni
558 2967 2571 3073 gniter acclinati predictas villas et hereditates videlicet Codramb Codramb
584 3033 2462 3141 ska Vola et Vydawka prout in suis metis et graniciebus longe
572 3088 2601 3230 late et circumferencialiter distincte et limitate existunt de jure Polonico
554 3147 2543 3282 et quovisalio in jus Theutunicum quod Maydemburgensem dicitur transferimus
564 3218 2567 3356 tenore presencium mediante perpetue duraturum Removentes ibidem omnia
