2863 3689
259 188 2400 328 jura Polonicalia et quevisalia modis et consvetudines universas que ipsum
296 263 2412 383 jus Theutunicum plerumque consueverunt perturbare Eximimus insuper et perpetuo
305 316 2473 450 liberamus omnes et singulos kmethones et quosuis villarum predictarum incolas
299 396 2459 496 ab omni jurisdicione judicio et potestate omni Regni nostri pallat dignitariorum et
311 457 2446 573 officialium pallatinorum castellanorum judicum subjudicum Succamerariorum
314 508 2476 660 et ipsorum ministerialium ut coram ipsis aut ipsorum alio pro causis magnis quam eciam
306 583 2466 732 parvis puta furti incendii sanguinis effusionis et membrorum mutillacionis
301 647 2471 806 et aliis quibuscunque enormibus excessibus cittati minime respondebunt neque
321 713 2420 875 aliquas penas solvere tenebuntur sed tamen predictarum villarum incole coram suis
315 771 2402 936 scultetis qui pro tempore fuerint sculteti vero coram nobis domino per nostram litteram
336 855 2452 1025 evocati fuerint et cittati et hoc si in reddenda justicia fuerunt negligentes
318 918 2379 1081 et renissi tunc non aliter que suo jure Theutunico Maydemburgensi predicto
309 983 2397 1159 de se querulantibus respondere sint astricti In Causis autem criminalibus vel
324 1049 2423 1221 capitalibus superius expressatois memoratarum villarum scultetis in graniciebus
299 1112 2451 1298 judicandi sentenciandi puniendi corrigendi plectendi condempnandi plenam damus
327 1188 2483 1342 et omnimodam tenore presencium concedimus facultatem prout hoc ipsum jus Theutunicum
335 1259 2472 1418 Maydemburgensem predictum in omnibus suis articulis capitulis punctis et
325 1332 2482 1483 condicionibus et clausulis postulat et requirit juribus tamen nostris regalibus quod
350 1401 2385 1583 semper salvis harum quibus sigillum nostrum presentibus est subappensum testimonio litterarum
323 1450 2482 1618 Actum Cracovie sabbato infra octvas Visitacionis Marie Anno Domini millesimo quadringentesimo quinquagesimo secundo presentibus
307 1545 2464 1678 ibidem Magnificis Johanne de Czyszow Castellano et Capitaneo Cracoviensi Nicolao Schaclei
316 1629 2393 1760 sly pallatino Brestensi Nicolao de Brzeze Marschalco Hyncza de Rogow
326 1700 2393 1830 Castellano Resporiensi et vicethezaurario Regni Polonie Derslao de Rithwyany
329 1759 2435 1884 Capitaneo Sandomiriensi Johanne Curopatwa de Laczuchow Succamerario Lublinensi
327 1829 2457 1959 et aliis quampluribus fidedignis testibus ad premissa Datum per manus ma
318 1902 2498 2033 gnificorum Johannis de Conyczpole Cancellarii et Petri de Sczekoczini vicecancellarii
286 1988 1532 2096 Regni Polonie sincere nobis dilectorum
