2863 3689
509 197 2517 334 multa laborum onera quibus Nobilis Johannes Parschlinski de Crzywe per
507 255 2538 392 diuturna tempora nobis famulando et digna in Curia nostre Mayestatis di
512 317 2526 445 stribuendo gratum se nobis redidit et multas exhibint servitutes et ad
513 380 2549 507 huc fidelitatis studio poterit exhibere ampliores horum intuitu volentes ipsum
507 445 2540 578 graciarum nostrorum prevenire favoribus et ad nostra obsequia reddere prompciorem sibi
513 502 2580 622 ad villam suam Crzywe in hereditate nostra Olchowyecz in terra Chelmensi
503 564 2533 693 et districtu Crasnostawiensi sitis Rivorum super villam suam Crzywe scaturiencium
504 622 2531 739 et consurgencium et penes eandem villam Crzywe decurrencium nostram rippam
462 675 2592 812 pro piscinis faciendis in longitudine superius procedendo ad quartale unius
506 737 2579 880 miliaris pro inundacione dictarum piscinarum penes ipsas autem piscinas et
489 812 2552 917 in partem earundem piscinarum collateralem in quartali eiusdem miliaris
480 863 2507 999 unum niger terre in prescriptam nostram littere ditatere ad latitudinem se
477 932 2549 1059 providens damus donamus et largimur temporibus eviternis duraturis
502 990 2534 1128 graciose Insuper sibi et suis legittimis succesoribus damus donamus plenam
497 1059 2514 1167 et omnimodam facultatem in eisdem piscinis molendinum cum duabus
468 1124 2567 1248 rerum secundum quod sibi melius videbitur construendi locandi et erigendi Nichil
465 1187 2588 1327 nobis aut succesoribus nostris in predictis piscina et molendino jurisdiccione
494 1252 2576 1393 entpꝓletꝭ reservando per ipsum et succesores suos legittimos habendum tenendum
466 1333 2574 1452 utifruendum vendendum commuttandum et in usus suos beneplacitos convertendum
457 1387 2505 1560 prout sibi et suis succesoribus et legittimis competencius indebitur expedire
508 1469 2585 1589 harum quibus sigillum nostrum est appensum testimonio litterarum Actum in Ca
492 1546 2443 1671 lisch feria tercia Infra octavas Assunpcionis Marie Anno Domini Millesimo quadringentesimo quinquagesimo secundo
500 1610 2577 1741 presentibus ibidem Magnificis et Generosis Luca de Gorka pallatino Poznaniensi
496 1692 2576 1820 Petro de Gay Kalisiensi castellano Floriano de Paczanowo dapiferis
503 1757 2564 1878 Cracoviensi Jacobo Cabilenski et aliis pluribus fidedignis Datum per
479 1829 2477 1953 manus Magnificorum Johannis de Conyeczpole Cancellarii et Petri de
504 1908 2259 2044 Szekoczin vicecancellarii Regni Polonie sincere nobis s dilectorum
1647 2004 2454 2127 Relacio serenissime principis domine
1622 2094 2443 2204 Zophie Regine Polonie
