2863 3689
815 2746 2131 2862 Olhowyecz donacio perpetua rivulorum ad villam Krziwa
272 2803 2382 2926 In nomine Domini Amen Ad perpetuam rei memoriam Magnifica regum
336 2870 2419 2976 Auctoritas litteris patentibus consvenit graciosius roborare que suorum fidelium utilitatem
344 2939 2367 3037 respiciunt et profectum debent inconvulsa perpetuis temporibus remanere Proinde Nos
348 2991 2456 3099 Kazimirus Dei gracia Rex Polonie Magnus dux Lithwanie Necnon Terrarum Cracovie
335 3072 2400 3164 Sandomirie Siradie Lancicie Cuyawie Pomeranie Russieque dominus et
335 3124 2402 3243 heres etc Significamus tenore presencium universis quibus expedit presentibus
338 3194 2404 3318 et futuris ad quorum noticiam presens pagina devolvetur Quomodo attendentes
