2625 3500
417 306 2109 404 rellentissima Serenitate Domini Regis pro nobis assistere velitis libeat sue
417 380 2119 453 Serenitati in ducatu Lythvanie nostri officii concedere execucionem de
431 439 2126 511 quo ducatu ut michi fertur pro Castris pro Prussie ac Captivis
428 485 2102 571 Regni redimendis nullum accepit subsidium Quod si sua Serenitas fecerit
447 537 2139 635 comoditatem et exaltacionem inde suscepturam esse polliceor Nam omnis fruc
440 602 2134 686 tus ibi colligendus in duabus partibus equalibus dividatur contentamur quarum
412 666 2039 742 una pro suis captivis redimendis applicetur et Reliqua pro nostris
445 719 2079 808 servetur Quod si de jure fieri potest in nullo serenissimi Regis derogando
446 784 2084 864 honori facile walde esset ostendere sed gracia brevitatis omitto de
425 840 2121 933 qua parte sua serenitas domino concedente pingwere capere fructum Necnon
461 900 2112 980 et exaltacionem cum rebus spiritualibus favere et miseris christianis nec
441 969 2092 1046 captivis misereri videbitur Nec fas est dicere quod s s quicquid
451 1015 2087 1111 ceteri principes non faciunt abhorreat facere Nam tempore Nicolai quinti
449 1070 2089 1171 Rex Anglie meditere fructus cujuslibet Jubilei quem in subsidium Reli
402 1131 2111 1249 gionis sancti Johannis sp̄ concesserat ut in Regno suo admittent
439 1210 2099 1293 accepit et pro se retinuit Rex Francie prefati domini Nicolai tempore cujusdem
384 1261 2075 1404 Jubilei pro reparacione sancti Pauli concessi priusquam admittent media
439 1333 2093 1438 pars pro ipsa disponentur voluit de qua re ambos laudari precipio
435 1392 2057 1493 quia racionabile esse videtur ut in comoditatis quam propter in
417 1446 2123 1552 dulgenciarum execucionem paciuntur in aliquo accipiant retinamē
423 1503 2090 1610 Ideo ne vestram P ac D negocium hoc promovere pigeat Nam laudem
441 1584 1216 1671 et mercedem a Deo recipietis
