2597 3500
942 1607 1856 1818 Littera Marini Ponciani
1070 1795 1833 1890 Ex Urbe Romana
449 1801 2197 1959 Reverende ac prestantissime pater et domine humilima premissa recommen
485 1911 2148 2013 Dacione Dudum siquidem vestre celeberrime venerabili pro sua benignitate in
490 1952 2164 2067 perpetuum obsequi institui Quamobrem nimirum si ab ipsius mulcetri
542 2015 2253 2130 tate attractus ad eam undique confugere minime vereor Cum et Catl̄m
527 2092 2224 2173 omnino racione carentem accerbas verberaciones oblivioni tradidisse et unico
492 2134 2258 2241 verbo blandido ad dominum properare ocultate fide plerique percepi Solem singula
521 2218 2186 2296 rissime domine racionabiliter petita cum fructum comoditati ac exalta
509 2272 2210 2378 cionis afferant nequaquam reici Sed libenter et benigno assensu concedi
525 2338 2197 2429 et admitti pluries in omnibus dominiis et Regnis Serenissimi princi
518 2402 2164 2492 pis hujus Incliti Regni nostrarum indulgentiarum execucionem
494 2463 2164 2551 admitti Supplicavimus Sed cum nondum pacis conclusionem habueratis
527 2525 2165 2620 pacienciam haberemus iniuxtistis quod racionabile ac congruum esse com
513 2583 2135 2691 proban̄ Noster dominus una cum tota sua comittiva de Regno hoc di
528 2640 2158 2750 scessit et solus ego servitor vester simul cum uno tanto socio pacem pre
515 2708 2190 2813 stolantes hac apud Illustrem dominam Annam Mazovie Ducissam remansa
501 2776 2215 2895 Qui pacis conclusionem intelligens qua Serenissimum Regem exaltari ac
516 2838 2266 2957 Regnum Inclitum hoc ab omni vexacione semoveri credimus inefabiliter
504 2902 2151 3026 letati sumus et ad v v cum presentibus nuncium dirigere decrevimus
484 2977 2190 3111 Quarum tenore magis quam unquam humillime supplicamus eorum ex
