2863 3689
619 222 1821 377 Priuilegium confirmationis super Molendino Czechow
248 236 2240 632 In nomine Domini Amen nos Kazimirus Dei gratia Rex Polonie magnus dux Lythwanie etc.
430 374 2249 534 significamus tenore presencium quibus expedit universis quomodo dum multe et varie litere et
438 418 2274 590 controversie inter generosos et nobiles Johannem de Sczekocyny dapiferum et capitaneum nostrum
429 462 2313 644 protunc Lublinensem ex una et nobilem Nicolaum Czibulka heredem de Czechow consurexisse
418 536 2314 705 et suscitate fuissent occasione molendini in Czechow in quo ipse capitaneus noster Lublinensis hominibus
444 587 2324 739 ex suburio civitatis Lublinensis in molendino Czechow ipsius molere prohibebat in preiudicium
427 639 2277 797 prefati Nicolai Czebulka juriumque suorum que se super prefata molicione dive memorie
421 688 2324 848 regis Kazimiri antecessoris nostri asserebat obtinere nosque de veritate tam nobis
441 735 2270 899 quam et nostro capitaneo quam ipsi Nicolao Czibulka impendenda wolemus experiri et cuiquam
459 792 2278 971 de insana sanere prefato Nicolao Czibulka litteras jura et privilegia que se super
442 860 2261 1013 huiusmodi libertacione pretendit obtinere comisimus conspectui nostro representare et exhibere
446 884 2320 1064 quibus revisis et diligenter per consiliarios nostros auscultatis prefatam litteram ipsius domini
445 965 2352 1119 Kazimiri regis Polonie antecessoris nostri decrevimus sentenciavimus robur obtinere firmitatis
435 1036 2380 1187 actum in Sanomiria Lublyn feria quarta in vigilia ascensionis Domini anno etc. quinquagesimo secundo
813 1178 1840 1338 Arenda pro theloneo Cracowiensi
432 1153 2373 1474 Kazimirus Dei gracia rex Polonie magnus dux Lithwanie heres Russie etc.
454 1398 2366 1537 significamus tenore presencium quibus expedit universis quomodo inter certas nostre solli
461 1467 2392 1574 citudinis curas plerumque in annis nostro revoluitur ut proventus regni nostri nobis
474 1528 2407 1660 ab alto concessos tempore nostri felicis regiminis commodose augeamus cum autem thelonea
453 1586 2375 1700 nostra Cracoviensia in sorte aliorum proventuum nostrorum non minori extimacione contra reputamus
415 1658 2369 1774 volentes sic ipsorum commodo et augmento intendere matura desuper deliberacione
447 1723 2419 1844 prehibita nobili Johanni Marci civi nostro Cracoviensi cuius fidem et ingenii industriam
452 1779 2403 1898 a multis multipliciter recepimus commendatam exinde de ipso plenam habentes fiduciam ipsi
459 1834 2372 1943 nostra theolonea Cracoviensia a die date presencium ad trium annorum decursum inmediate
455 1904 2440 2021 se sequencium tenore presencium convenimus vendidimus et arendamus pro mille septin
387 1955 833 2089 gentis marcis
