2916 3742
415 237 2292 440 Kazmirus Dei gracia Rex Polonie magnus dux Russie etc Significamus tenore
440 384 2339 499 presencium quibus expedit universis Quod considerantes diligenciam serviciorum Laurenci
448 450 2418 572 subagaze nostri fidelis volentes ipsum ac pro ipsius serviciis satisfacere et in posteris
425 522 2446 630 promciorem reddere suas expensas in zuppis nostris in Wyeliczka trecentesimo thabulam ubi
433 597 2441 706 lacaba͛ Andreas Lithvanas numerum quatuor marcis videlicet ad quemlibet quatuor tempora per
440 647 2435 781 marcam et quolibet Anno pannum dedemus donavimus damusque par presentis coram
442 725 2436 839 hc̄bibit duas Equas qui s' in manus dabuntur attentare Idcirco t̕ strenui
450 794 2475 908 Nicolao Seraphin Gladifero fratro zupparum nostrarum zupparia et aliis omnibus
430 859 2431 999 posth re exuntibus mandamus quatuor s' Laurencio de proventibus et expensis rudes
449 937 2502 1057 et .xūde̕ de beatis et ad tempora vite ... aliter non facturi nostri gr̄i sub obtintu
425 1014 2405 1167 In cujus rei testimoni Sigillum nostrum est subappenssum Datum Sandomirie sabbato ipsa die
440 1083 1876 1193 nativitatis Marie Anno Domini millesimo quadringentesimo quinquagesimo tercio
1588 1188 2308 1301 Relacio Generosi Moyschyk
1619 1268 2286 1373 Supremi Cancellarii Regni M
402 1142 1590 1286 Donacio Rippe Johanni Chranschowsth
320 1189 1596 1350 In nomine Domini Amen Ad perpetuam Rei memoriam
421 1316 2301 1433 Ne error oblivionis sub tempore versantibus pariat imposterum detrimenta alta
447 1378 2373 1497 Regum et principum consilia decreverunt ea literarum et testium annotacione perhennare
336 1429 2334 1563 Proinde Nos Kazimirus Dei gracia Rex Polonie necnon Terrarum Cracovie Sandomirie
403 1523 2314 1612 Siradie Lancicie Cuiavie Pomorannie Magnus dux Lithwanie Russieque heres etc
420 1573 2307 1696 Significamus tenore presencium quibus expedit universis Quomodo attentis et inclinatis probi
394 1634 2374 1772 tatum meritis et pure fidei constanciam Quibus nobilis Johannes de Chranstow
406 1696 2235 1814 fidelis noster dilectus aput mayestatem nostram nonindigne ex progenitoribus suis
404 1751 2329 1894 promeretur et admodum extat comendatus volentes eidem graciam facere specialem
412 1822 2304 1937 et perinde ad nostra nostrorumque seu successorum servicia et fideliorem de fideli
402 1883 2279 2011 et de prompto facere prompciorem sibi Succesorum que suis legittimis Rippam nostram
394 1955 2303 2061 fluvii Studzenyecz vulgariter nucupati in heredita dicta Malynye in Terra
389 2007 2296 2123 Sandomiricum sita dedimus donavimus ascripssimus et largiti sumus necnon damus
391 2062 2272 2193 donamus ascribimus largimur et incorporamus in verum titulum hereditarium
368 2128 2267 2249 perpetue et in evum graciose Ita videlicet quod dictus Johannes aut sui successores le
354 2209 2261 2311 gittimi possent et valeant piscinas molendina mineras et obstacula De rippa
359 2269 2220 2369 sua ejusdem fluvii hereditatis dicte Chranstow usque ad Rippam prefatam
378 2339 2178 2422 pred hereditatis predicte Malynye construere et applicare sive quavis
339 2368 2259 2503 perturbacione et impedimento hujusmodi quam Rippam ad usus suos proprios et benepla
365 2444 2330 2531 citos et Successorum suorum legittimorum deducere et convertere ad libitum voluntatis
354 2474 2378 2595 plenam et omnimodam juxta industriam humanam temporibus perpetuis habebit facultatem
347 2557 2314 2657 et sui habebunt successores Ideo licitum sit prefato Johanni et Suis Successoribus
338 2613 2338 2715 legittimis predictum Rippam tenere habere regere gubernare utifrui quiete et pacifice
347 2681 2295 2770 perpetuisque temporibus possidere necnon vendere committare donare alienare et obligare
311 2718 2337 2833 prout sibi suisque legittimis Successoribus melius et utilius videbitur expedire harum
331 2783 2317 2896 quibus Sigillum nostrum est appenssum presentibus testimonio litterarum Actum et datum
311 2850 2353 2953 Cracovie feria secunda proxima post festum Sancti Egidii Anno Domini millesimo
336 2907 2346 3009 quadringentesimo quinquagesimo tercio presentibus Reverendissimo in Christo patre domino Sbigneo miseracione divina
329 2960 2314 3081 tituli Sancte Prisce presbytero Cardinali et Episcopo Johanne de Czizow Castellano
312 3020 2411 3128 Johanne de Thanczin pallatino Cracoviensi Luca de Gorka Poznaniensi Stanislao
321 3079 2260 3187 de Ostrorog Kalischiensi pallatinis Hincza de Rogow Suadicum Jacobo
317 3138 2314 3238 de Cobilyoni Gneznensi Castellanis Barthossio de Gori judice Petro de Cziko
324 3203 2344 3297 wicze Subjudice Cracoviensi Datum per manus Magnificorum Johannis de Conyeczpole
317 3255 2263 3382 Cancellarii Petri de Sczekoczini vicecancellarii Regni Polonie sincere nobis
316 3298 540 3374 dilectorum
1537 3318 2263 3433 Ad Relacionem Magnifici Johannis de
1567 3368 2329 3497 Czizow Castellani et capitanei Cracoviensis
