2855 3913
959 314 1290 372 CXXXX
731 431 1424 492 Terrarum Prussie
338 502 1859 615 niensis. Vladislai Vladislaviensis. Stanislai ploczensis. Mathie
344 568 1859 681 Vilnensis. Ioannis Chelmensis. Pauli Cameneczensis. et Andree
344 635 1853 747 Vladimiriensis. Episcoporum Andree Vladimirowiicz Chebdo
344 707 1859 810 goldorvycz Iorgii Syemyonwycz Russie ducum. et Ma
341 769 1844 876 gnificorum Nicolai de Michalow Cracoviensis Castellani Sandivogii
347 832 1847 941 de Ostrorog poznaniensis. petri de pyeskowaskala Cracoviensis. Io
338 898 1841 1005 annis de Czyzow sandomiriensis. Martini de Calmowa Sira
332 962 1850 1068 diensis. Ioannis de Lychyn Brestensis. Iarandi de Brudzewo
335 1028 1856 1133 Iuniuladislaviensis. Ostyk Castellani Vilnensis. Dolgerth vil
329 1092 1844 1200 nensis. Lulusch Trocensis. Ioannis Manzyk de Dambrowa
338 1159 1853 1265 Leopoliensis. petri Odrowansch podolie. stanislao Grod de
344 1222 1841 1328 Srzensko plocensis. Ioannis Glowacz de Lauzenycze Czyr-
329 1289 1847 1394 nensis. pauli de Radzimow Belzensis. palatinorum Martini de
326 1354 1835 1462 slansko poznaniensis. Dobeslai de Syenno sandomiriensis. pe-
326 1423 1844 1527 tri de Zirnyki Calichiensis. Laurentii Zaramba siradiensis. Pe
332 1486 1847 1593 tri de Bnyno Gneznensis. Alberti Malski Lanciciensis. Floriani
332 1553 1841 1659 de Corythnycza Visliciensis. Domarath de cobilanii Lubli-
326 1618 1832 1722 nensis. Nicolai de Vorzunowo Brzestensis. Cristini Cozye-
326 1685 1841 1790 glorvii sandeczensis. Ioannis de Tanczyn Voynyczensis. przed
320 1748 1841 1853 borii de Conyeczpolye Rospyeriensis. Nicolai de Virzbiczsko
311 1811 1841 1917 Dobrinensis. Ioannis de Balycze Radomiensis. Barthossii de
317 1880 1826 1980 Gostin Naklensis. Martini de Vyrzyska Iuniuladislaviensis.
317 1943 1835 2043 Clementis de Strzelcze Byeczensis. Vincentii de Schamotuli
317 2006 1838 2112 Myedzyrzecensis. Dobrogostii de Colno Camenensis Przedpel
320 2073 1844 2181 conis de Copydlowo Landensis. Dzyk przybislai Zarnoviensis
308 2133 1838 2248 warsy de Otrow Zavichostensis. Pauli de Byskupycze
320 2203 1832 2313 Malgostensis. Alberti de pakoscz Srzemensis. Mathie Brze
320 2272 1817 2378 zinensis. Ioannis de Calynowa Sandecensis Petri de Chelm po
320 2335 1820 2444 lanescensis. Nicolai de Lubstrow Cruswiciensis. Stanislai de
314 2398 1817 2511 Scarschewo Byechoviensis. Iacobi Przekora Czechoviensis.
323 2465 1833 2575 Przybyslai Corvalensis. Nicolai Kyelbasscha Bydgostiensis.
311 2531 1814 2639 Iacussii de strzygii Rypynensis. paskonis de Goslarvycze co
311 2596 1817 2705 nariensis. Ioannis de Ulonowo Rogosnensis. Hriczkonis Kyer
308 2660 1805 2774 deyowycz Leopoliensis. Nicolai de Vyssnicze premisliensis. Pe-
314 2728 1808 2840 tri de Smolicze sanoczensis. Michaelis de Buczacz Haliciensis
308 2795 1817 2909 Ioannis de Oleschnycza marsalci Andree de Lubino Thezau
308 2860 1817 2973 rarii regni polonie Andree de Czechowice ploczensis. wigandi de
302 2924 1817 3038 ostrolonga cyrnensis. dobrogostii de Nowydwor. warschoviensis
314 2997 1805 3099 Pauli de leschno Sochaczoviensis. Ade de rythlo Gostinensis.
308 3057 1820 3162 marcussii de popiiensis. ravensis. Nicolai maldrziik de stharogroth
