2855 3913
569 483 957 525 Summarium
1403 478 2141 535 Castri Cracoviensis.
1023 602 2583 665 sta perierunt Dignum itaque arbitrantes. hanc concessionem. et
1029 676 2562 729 constitutionem ex toto ut antea viribus debere subsistere. pre-
1019 734 2577 798 fatas litteras et privilegia: quarum tenor de copiis sumptus ori
1025 800 2568 863 ginalibus in certis codicibus dictorum iudicium remansit integer
1026 868 2562 927 conservatus Renovamus. innovamus. ac robur ipsis in vi-
1025 933 2556 997 gore perpetuo adiicimus. Volentes ut in omnibus suis ca-
1019 1001 2565 1061 pitulis. sententiis. punctis. conditionibus. et articulis. iugem
1031 1069 2547 1127 semper et irrefregabilem obtineant firmitatem. providentes spe-
1017 1132 2571 1193 cialiter ut quotienscumque Civitates in hac priuilegii copia de
1023 1196 2571 1259 scripte et contente. vel eorum aliqua in homini supremi iuris iu
1023 1262 2568 1325 dicio causam vel causas proprias vel suorum coincolarum et
1016 1330 2562 1391 concivium. coram iudicio prefati. iuris per appellationem introductas ha
1023 1394 2571 1457 buerint. illis ammotis et exclusis. alie civitates pro eis ad iudicium cum
1014 1460 2565 1521 aliis remanentibus surrogentur. Tenor aut predictarum litterarum et
1011 1532 2553 1586 forma sive copia sumpta ex originali. ut prefertur sequitur et est talis.
1020 1614 2547 1669 In nomine domini Amen. Quia humana con-
1014 1687 2556 1740 ditio dominantis sibi iugo libenter caruisset. et homines liber-
1017 1755 2553 1809 tatem minime abdicassent: si non impunita vicia gravi pernicie
1004 1819 2562 1876 scelerum redundassent. Ideo divina sententia dati sunt Reges
1017 1885 2553 1941 populo. et domini subiectis. ut necessario iustitie et iudicio ac
1017 1951 2550 2009 imperio Regum subessent universi. ut cuilibet equo libramine
1013 2022 2532 2074 Statera lance appensa. ipsi Reges iustitiam minstrent. Et pro-
1010 2084 2544 2139 inde Nos Kazimirus dei gratia Rex polonie. Necnon terrarum
1016 2151 2532 2202 Cracovie Sandomirie Siradie Lancice Cuiiavie Pomera-
1002 2213 2544 2268 nieque dominus et heres Russie. ad extollenda iustorum preconia: et trans
1010 2280 2538 2337 gressorum insolentias reprimendas Animadvertentes nostro Re-
1010 2348 2541 2402 gno contra docorem et honorem illibata eiusdem Regni nostri preter
1011 2416 2538 2466 scientiam nostre Regie Maiestatis versasse corruptelas. Que cum
1002 2479 2544 2534 Advocati Sculteti Scabini Iurati iudiciorum bannitorum iuris
1002 2542 2532 2602 Theuthonici. aut litigantibus in iudiciis eorum bannitis contem-
1005 2609 2538 2669 dentibus. sententias interlocutorias et diffinitiuas. In causis
1005 2674 2541 2736 quampluribus promulgant. ¶ Dicti contendentes ad partes remo
993 2743 2523 2802 tas Rinenes. in Maiidemburg Civitatem. cui nullo iure sub-
998 2807 2532 2870 sunt. et ultra fines Regni nostri appellationes et provocationes in-
992 2870 2526 2937 terponuntur. nostre Maiestatis proprio Solio et tribunali necnon
986 2938 2523 3002 proprij principis et domini iure et iurisditione ommissis. et contemptis
992 3001 2538 3070 et in detrimentum Regni nostri damnum et Regnicolarum nostrorum gra
987 3066 2543 3135 vamen. ¶ Advocati vero Sculteti. et alii Scabini Iurati predi
981 3133 2541 3204 cti nostri Regnia contendentibus eisdem pro emendis sententiis. et Scultetis
608 610 920 644 ☞ Privilegium quod
582 655 927 692 Magnus Kazimi-
584 706 918 742 rus super ius Maii-
582 752 924 788 demburgensis pro tri-
584 802 911 836 bunali Cracoviensi conces-
578 847 908 884 serat sub Maiestatis
573 898 909 934 Sigilli perierat. sed
578 943 902 982 illud de originalibus
572 993 912 1030 copiis innovat Vla
570 1043 851 1080 dislaus Iagello
591 1625 902 1660 ☞ Privilegium
561 1670 909 1707 Iuris Theutonici
558 1721 906 1758 Supremi per Ma
551 1771 912 1808 gnum Kazimirum
563 1818 698 1855 datum
534 2658 891 2703 ☞ Olim de Regno
545 2710 870 2752 in iure Theutonico
533 2764 872 2806 appellabatur in Renum
536 2815 867 2851 ad Maiidemburg.
