2855 3913
936 477 1314 535 Fo. VIII.
395 553 1926 648 Summe Raymundi de iure personarum
314 664 1985 772 hoc est verum secundum canones. Sed secundum leges mulier deprehensa in ad-
314 734 1997 837 ulterio infaccetur vel viva sepeliatur. Si vero fit divortium propter con-
308 796 1989 905 sanguineitatem vel affinitatem quam ignoranter contraxerunt recuperat mu
308 862 1997 972 lier dotem suam et cetera bona nuptialia. et vir donationem propter nupti
311 928 1979 1035 as si liberos non habent. Si autem habent liberos: tunc proprietas dotis
317 993 1985 1102 et donationis remanet apud illos: scilicet liberos. usufructus apud parentes
296 1056 1980 1167 Et uterque coniugum: potest alias contrahere matrimonium. Si vero
299 1124 1980 1232 scienter contraxerunt: tunc ille qui sciunt perdit omne quod alteri dedit.
314 1192 1977 1296 et alter qui nesciunt reservat illud ad dies suos. postea vero applica
299 1259 1979 1362 bitur fisco. nisi propter bonum pacis aliter statuatur. videlicet que vir re
302 1325 1983 1424 cuperet dotem suam libere si filios simul non habent. Si autem filios simle
296 1387 1962 1491 habent. tunc usufructus dotis et donationis manebit apud eos: pro
296 1453 1970 1558 prietas apud filios. Et isti filii etiam dicuntur legittimi: et ignorantia
278 1519 1967 1625 illius supplet coniugium. et sufficit que filii sint legittimi. Si autem ambo
284 1583 1958 1691 sciuerunt istam inter se consanguinitatem. tunc etiam filius ille erit illegittimus
290 1652 1955 1754 et in nullo succedet parentibus. sed dos et donatio parentum statim
278 1718 1959 1818 applicabitur fisco secundum canones. Sed secundum leges est alia pena preter
269 1781 1956 1889 illam. Et nota que durante marimonio nec dos nec donatio alienari po
275 1850 1962 1952 terit. nisi causa legittima intervenerit. dissoluto autem matrimonio vir
278 1913 1958 2016 superstes facit cum dote quicquid vult et donationem observabit non
269 1978 1956 2082 peioratam ad dies suos. Et econverso de uxore. sed hoc totum verum
281 2044 1947 2145 est si liberos non habent. vel nisi aliud de consuetudine inducatur Et scien
269 2107 1937 2215 dum que matrimonium intantum est favorabile que etiam legitimat filium
272 2176 1944 2282 quem coniuges genuerant ante matrimonium contractum Et hoc est verum si tempore
275 2240 1947 2348 conceptionis uterque erat solutus: alias non Et tales filii persequens matrimonium
260 2305 1937 2415 legittimantur. sicut filii illegittimi per dominum papam vel imperatorem legitimantur
335 2398 1835 2494 De accusatione matrimonii Capitulum. xxxi.
441 2472 1925 2565 Cum supradictis impedimentis matrimonium impeditur legitti-
447 2538 1947 2631 mi et parentes debent esse accusatores. Unde repellitur que propter tur
435 2608 1926 2693 pem questum accusat matrimonium. Absens etiam per litteras accusare
245 2656 1934 2763 non potest nec testis esse. Et nota que ad probandam consanguineitatem aut affi
248 2725 1928 2832 nitatem admittuntur parentes et consanguinei potius quam alii: et presumitur
242 2789 1907 2897 tales melius scire genealogiam suam quam alii. Non a parentibus aut accusato-
254 2855 1913 2961 ribus. sed fama deferente impedimentum potest Episcopus inquirere Et si im
245 2921 1904 3024 pedimenta vera reperierit potest matrimonium separe. Tamen absque iuditio
245 2984 1911 3090 ecclesie coniunx non potest dimittere coniugem etiam si parentela sit notoria.
245 3047 1914 3155 Et si dimiserit statim fiat restitutio. Et nota que in matrimoniali cau
239 3116 1907 3220 sa lite non contestata contra contumacem proceditur ad receptionem
233 3172 1196 3272 testium et ad diffinitivam sententiam.
2004 2177 2258 2225 Favore matri-
1995 2225 2109 2270 monii.
