2855 3913
1178 406 2441 567 Iuris civilis Maydemburgensis
917 552 2609 706 quod secundum cursum temporis deservivit. si plus recepit: hoc restituet sine pena
917 673 2628 780 De cane vel equo aut alio animali quod hominem aut aliud
924 767 2617 884 animal leserit aut occiderit et aliis ex hoc contingentibus
914 905 1066 1030 c
1111 845 2626 947 Uius canis vel equus ursus vel bos. seu animal aliud hominem
1100 923 2624 1010 occiderit aut usum membri abstulerit: seu pecus aliud vulneraverit
1108 989 2635 1082 dominus tenetur damnum recompense solvere vel valorem. Ita tamen si dein
917 1045 2628 1136 ceps. hoc in suam recipit curam et possessionem. post quam damnum fecisse perce
906 1119 2628 1213 pit. Sed si statim eiecerit ipsum et non in domo vel in cutia servaverit: et non
906 1197 2620 1280 pascat neque potat. innocens est a damno. Tunc ille se de eo pro suo dam
904 1252 2626 1339 no intromittat si vult. ¶ Nullum aliud brutum potest ex suo facto penam
911 1319 2620 1410 pecuniariam erga iudicem demereri. Equus autem et pecus si damnum fe-
cerint in custodia servientis. aut familie. ille respondere tenetur sub cuius custo
911 1452 2626 1532 dia hoc evenit. ¶ Si autem fugerit custos: eque vero seu alia animalia
917 1513 2611 1597 et currus detenta et arrestata fuerint in manifesto: et hoc possit probari.
911 1573 2617 1665 extunc ille cuius sunt pecora damnum integre restaurabit: et hoc si non
898 1645 2628 1736 poterit per ius se eximere usque ad valorem equorum animalium et currus. vel
908 1713 2626 1793 his omnibus carebit. et lesus hec omnia retinebit pro damno. ¶ Si cu-
911 1778 2626 1873 ius quam porci vel anseres annonam destruunt aliena qui non possunt includi.
904 1847 2626 1941 seu impignerari si canibus expellantur et morsibus vulneratur: aut
906 1913 2476 2006 etiam occidantur canum dominus et annone remanet absque culpa.
908 1976 2628 2084 De pena iudicem concernente quoniam ipsam extrahat.
898 2067 2617 2180 et de bonis que duo simile sibi vendicant et de hereditate
898 2237 972 2305 v
1091 2163 2617 2245 Bi iudex suam penam extrahere non potest in proprio alicuius. preco debet
913 2223 2609 2319 crucem ponere super portam. per illam enim dictum proprium ad opus iudicis
1098 2297 2620 2380 insignitur. Si dominus illius proprii. ipsum de manu iudicis non eximet.
898 2356 2609 2449 infra annum et diem omne ius quod habuit in ipso abiudicatur ipsi domi-
908 2423 2615 2504 no. Si postea infra annum et diem veniet heres illius in iudicio. et se ad
908 2493 2620 2582 suam applicet hereditatem per sacrum ut iustum est et debitum soluat iudici
904 2558 2611 2643 quod iudex suo sacro. et duorum probare potest. alias mettertius in iuditio heres
902 2626 2604 2715 proprium sic requirit. Nec ulterius debitum probare poterit iudex in hoc ca
893 2686 2126 2778 su quam penam triplicem aut solam recompensam.
1006 2756 2581 2873 De duobus pro unis bonis contendentibus.
899 2928 1010 3029 q
1089 2841 2611 2943 Ui adversus alium conqueritur: que sibi auferat bona que si
902 2908 2604 3017 bi uterque vendicat in feodum a diversis dominus uterque tenetur
1089 2978 2611 3073 illum quem sibi dominum invocat in iudicio statuere: et qui vicerit
906 3045 2596 3145 possessor manebit et cuius dominus non apparuerit. ille cadet in causa. di non ip-
902 3106 2611 3249 sum legale impedimentum excuset. quod possit ostendere. ¶ Principes tamen
591 3036 837 3110 Quoniam principes
600 3099 845 3167 in causa bonorum
602 3145 856 3215 tueantur suos
600 3195 758 3315 vasallos.
