2855 3913
1454 345 2070 486 Liber Secundus
956 502 2611 613 se. xxii. solidos. ¶ Filiis Clericorum: aliis que spuriis seu illegittime natis
948 586 2622 665 soluitur in emenda currus feni: quem trahere possunt duo boves unius anni
967 652 2628 739 ¶ Ioculatoribus: et his qui se dederunt in servos datur in emenda umbra
954 719 2626 799 hominis. ¶ Pugilibus et eorum pueris: datur in emenda resplendor
943 789 2617 876 clipei duellaris adsolem positi. ¶ Bine scope et forceps dantur his
954 847 2611 945 qui ius suum per furtum aut spolium perdiderunt. ¶ Illegalium hominum
952 921 2613 1006 emende parvam conferunt utiliatem: et tamen posite sunt: que iudex penam
941 980 2611 1073 consequatur post emendam. ¶ Licet illegales recompensatione careant: qui
941 1047 2607 1130 tamen unum ex ipsis vulnerat aut spoliat: aut occidit: aut mulierem ille
950 1115 2617 1208 gittimam seu ganeam opprimit violenter: et is eis pacem infringit. puniri
943 1178 2604 1276 debet secundum ius pro pace statutum. ¶ In meretricibus et in concubina
941 1245 2600 1326 sua potest quis fieri violentus: et vitam iudicio demereri si concubuerit vio-
934 1308 2596 1406 lenter. ¶ Pro solo vulnere non debent plures quam solus impeti: quattuor
928 1376 2602 1473 tamen possunt super auxilio et consilio inculpari. ¶ Qui rem alienam accipit
934 1439 2602 1534 violenter: vel absque scitu ipsius si parum sit aut multum. hoc debet re
926 1502 2598 1597 stituere cum emenda: aut iurare que reddere non possit. tunc solvere debet
930 1563 2591 1667 secundum estimationem actoris: aut minuere valorem. ¶ Aves cantantes
932 1636 2583 1734 aut unguibus stringentes: aut canes leporarii: aut sagaces: aut mo-
928 1697 2491 1795 losi pene sibi similes soluvntur. dummodo iuretur hoc eque valere
934 1765 2600 1858 ¶ Qui occidit animal alienum sponte vel intuitus. ita que oporteat
921 1832 2591 1923 ipsum comedere. compellitur. ad reddendum secundum positam recompensationem.
928 1899 2600 1989 ¶ Que si membrum fregerit: aut versum eius abstulerit medietatem solvat
913 1978 2585 2063 recompensationis absque emenda iuraverit que sponte non fecerit: et ille
919 2036 2574 2126 animal retinet ita lesum Animal vero esui idoneum qui occiderit: aut pedis
919 2097 2581 2182 usum abstulerit: sponte et absque necessitate: plenam eius recompensationem
917 2160 2587 2249 persolvet cum emenda. ¶ Si abstulerit usum oculi: medietatem solvat
908 2230 2570 2328 precii supradicti. ¶ Si vero mortuum: aut mutilatum manet sine ipsius
926 2297 2578 2393 voluntate: si presumat hic iurare: solvat absque emenda ut dictum est
913 2363 2585 2449 ¶ Qui canem alienum occidit: aut mutilat: eo que ipsum mordere velit
900 2436 2576 2515 aut animal eius mordeat in platea: vel in campo: remanet absque damno: si
895 2495 2559 2589 iuret: que alio modo compescere non valebat. ¶ Canis campos frequentans
902 2558 2576 2669 debet in fune teneri ad hoc que neminem ledat. Si vero damnum fecerit: exolvat
900 2626 2204 2721 que canem eduxit vel dominus eius: si ductor non sit solvendo.
1141 2691 2435 2810 De homine vitam suam demerente
971 2754 1008 2913 q
1056 2773 2567 2876 Uando Theutonicus vitam suam demeretur: aut membra ex de
1067 2864 2475 2942 licto: non oportet eum ad hoc penam solvere aut emendam
878 2908 2557 3034 De recompensatione omnium animalium domesticorum
945 3076 1024 3157 r
1080 3006 2554 3102 Ecompensatio avium talis est: pullus solvitur medio denario.
1056 3065 2578 3191 gallina recompensatur obolo. aneta vel auca denario: auca vel
634 471 893 578 filiorum clericorum
634 552 893 630 et aliorum spuriorum
645 636 900 726 Ioculatorum et
641 695 811 763 servorum
641 763 889 854 Iure privatorum
613 863 891 934 Cur inutiles ille
630 919 889 989 galium posite sunt
628 967 758 1026 emende.
617 1006 876 1076 De punitione
621 1058 884 1128 vulnerantium: aut
619 1106 884 1178 spoliantium ille
630 1160 726 1232 gales
617 1297 880 1378 Quot inculpari
619 1363 874 1441 debent pro uno vul
615 1413 691 1489 nere
611 1580 867 1667 De Canibus et
611 1643 878 1710 avibus eodem modo
611 1699 798 1769 solvendis
608 1776 871 1867 de occisore ani
611 1845 713 1919 malis
582 2141 867 2247 Si excecatur animal.
595 2254 832 2334 Si moritur aut
597 2321 791 2402 mutilatur.
