2855 3913
1419 475 2001 538 Liber Primus
896 612 2582 673 venit intra municipalia: vel in strata Regia: et in me pacem violavit
879 680 2576 739 et me spoliavit in meo corpore: et in meis bonis: meque vulneravit:
878 749 2576 807 dum pacem in me confregit. Tunc vidi ego ipsum propria in persona et procla-
884 812 2555 872 mavi in eum cum clamore: et ipsum huc iudicium de-
878 880 2567 936 duxi. et volo ipsum vincere per eos: qui clamorem meum audierunt
872 946 2567 1002 Et cum meo testimonio vero: ut ius mihi diffinierit. et in sententia re-
869 1013 2570 1068 quiro: quoniam hoc probare debeat et valeat. Ita ut proficiam iure meo. Ex
869 1078 2564 1134 tunc satisdationem aduersarius rectam petat pro hac querimonia: et dicat
872 1142 2573 1199 se de facto innocentem. ¶ Ille autem: qui ipsum captivum in facto manife
872 1211 2567 1266 sto detinuerit facilius eum vincere postest cum testimonio quam ipse captivus
866 1275 2576 1331 cum testimonio eum evadere possit. Si ut iuris est probaverit testimo
860 1340 2564 1397 nio. Ille solvet collum. si est homicidium: vel manum: si est vulnus mo
854 1405 2567 1462 nomachale ex quo ad iudicium ipsum cum manifesto facto deduxerit
866 1473 2568 1528 ¶ Pro teste potest quamvis vir alteri astare: qui in suo iure non possit argui
854 1533 2573 1593 Excepto patre: fratre: famulo: et filio: necnon mercenario. Etiam ullo
855 1598 2568 1665 precio conventi in aliquibus causis non valent contestari: et eiici iure possunt.
938 1682 2418 1747 De duobus: quorum unus gladio: alter
957 1772 1974 1832 cultello mutuo se vulnerant
882 1876 1010 1993 q
1043 1847 2570 1907 Uod si se duo mutuo vulneraverunt. unus cultello: et alter
921 1915 2568 1976 gladio. Et si vulnera utriusque fuerunt monomachalia. Ille
1040 1981 2562 2040 cum gladio solvet manum. Ille cum cultello solvet collum
837 2045 2555 2106 Quia cultellus furtivam infert mortem: et hoc si ambo in recenti actione
849 2108 1917 2166 cum clamore ad iudicium fuerint deducti.
938 2186 2406 2252 De vulneris monomachalis et non mo
932 2278 1673 2335 nomachalis iudicio
909 2426 975 2477 e
1016 2356 2556 2417 Tiam di alter alterum vulnerat. et causa sua pernotaverit: sibi debet
1026 2423 2549 2486 indici ad iudicium proximum. Que vir vulneratus fuerit:
1028 2490 2543 2549 vulnus vero non fuerit monomachale Si quam comparuerit et con
846 2555 2537 2613 questus fuerit. sibi indici debet ad iudicium proximum. Si autem vulnus
840 2623 2558 2681 monomachale fuerit. tunc in continenti sibi Iudex iudicium facere
843 2686 1526 2737 debet: pro facto manifesto
828 2767 2538 2836 De duobus mutuo vulneratis: quid eorum contra
827 2858 1797 2920 alterum acquirit duellum.
873 2966 968 3075 s
1016 2938 2534 2996 I duo vulneraverint: et ambo coram iudicio comparent et
1025 3004 2525 3063 querimonias proponunt: qui primam querimoniam precel-
1022 3070 2531 3129 lentem protestari poterit apud suum adversarium duellum
810 3140 2547 3199 acquirit. si ipsum iusto modo salutaverit. si quam vulnus monomachale fuerit
