2855 3913
1010 377 1233 439 CCXI
500 485 1761 571 Iuris ciulis Maiidemburgensis
308 578 996 655 sub banno debet iudicare
296 657 2010 765 De iudicio per bannum Regium. et de pena eius qui se de
311 759 1989 853 tali iudicio intromittit absque autoritate Regia.
380 895 449 961 p
482 834 1988 929 Er bannum Regium nemo iudicare potest: nisi bannum a Rege
470 896 1973 995 susceperit. Qui bannum semel susceperit non indiget secundo susci-
483 970 1985 1057 pere. Si rex decesserit in districtu unius advocacie: extunc in
299 1024 1985 1124 eadem advocacia plura banna Regia esse non debent nisi simplum et unum
303 1096 1989 1188 ¶ Qui vero per bannum Regium iudicat. et a Rege bannum non susceperit
296 1159 1971 1264 is suam linguam demeretur.
953 1171 2014 1258 De ordine iudicii et processu eius
357 1318 402 1382 n
482 1264 1983 1340 Ullum Burgravium alias Comitem sub banno Regio iudicantem
488 1331 1980 1403 licet iudicium legale et ordinarium absque suo Sculteto coram
483 1395 1992 1471 quo sedebit ad omne ius et ad iustitiam se tenetur exhibere. et ibidem
296 1451 1964 1537 ipsum Scultetum de prima sententia interrogare debet: utrum fuerit tempus
284 1519 1973 1606 iudicandi an non: deinde si possit an debeat mores iudiciales indicem et
293 1585 1977 1672 contumacias insolentias et inobedientias proscribere. Cum hoc sibi diffini
272 1651 1967 1737 tum fuerit: extunc queruletur: quamuis quod necesse sibi fuerit per os advo-
290 1715 1386 1790 cati et prolocutoris ea de causa ne se negligat.
278 1793 1970 1885 De utili et inutili propositione iudicialiter per
278 1888 1652 1964 se vel suum procuratorem proponenda
353 2024 386 2087 a
447 1962 1965 2044 Bsque advocato alias prolocutore vir potest querulari et respondere si
440 2028 1950 2105 pensare et sustinere voluerit. damnnum quod sibi inde poterit in iure
458 2103 1956 2175 evenire si se in verbis querulando aut respondendo neglexerit: vel in
275 2159 1946 2244 utilia protulerit et cum pro se loquitur talia revocare non potest verba: nec se re
278 2228 1950 2312 levare. quod tamen circa advocatum sine prolocutore facem bene potest: quam diu ver
275 2289 1454 2366 bis sui advocati non consensit: nec ea approbat
260 2370 1937 2459 De procuratore per iudicem primo petendi dando
270 2436 369 2515 i
405 2454 1949 2530 Udex advocatum dare debet pro quo primo fuerat rogatus. nec aliquem
410 2523 1113 2586 alium nisi ipsum iure evadat.
1190 2543 1947 2613 De modis quibus se
260 2622 1949 2705 aliquis non poterit vel poterit excusare a procuratione
329 2759 360 2821 a
437 2710 1940 2776 Dvocare se nemo potest eximere: alias nemo se per ius defendere: quin
428 2780 1935 2840 sit advocatus in territorio in quo ipsius domicilium constitit: aut ubi
434 2845 1934 2903 alia bona habuerit aut ubi iustitiam consequi voluerit. excepto contra
254 2895 1934 2971 suos affines et cognatos: vel contra dominum suum vel contra hominem suum. si ipsa queri
257 2955 1595 3040 monia ad vitam rei sue membra aut ius nititur aufferre.
242 3036 1929 3118 De duobus simile unum advocatum petentibus. et simile querulantibus
247 3099 319 3156 s
354 3131 1935 3193 I duo simile unum pecierint advocatum. hoc est in arbitrio et voluntate
1676 3200 1832 3278 E iiii
