2855 3913
564 422 1290 477 Vislicie constituit
1476 437 2427 492 Fo. XVIII. Summarium.
374 543 1425 611 habeant ipsorum testimonia firmitatem
368 696 1916 771 De testibus consanguineis et in probatione
380 785 1454 852 contractuum et venditionum
429 965 518 1039 C
603 935 1917 998 Onradus a dominico domum vendicabat. Et ad suam
605 999 1914 1064 intentionem probandam Conradus sex testes. iuxta iudi-
609 1062 1896 1125 cis mandatum produxit. Quorum primus testis Iacobus
380 1124 1919 1194 alter Petrus ipsius Conradi compater. et mediator. seu amica
392 1191 1908 1259 bilis compositor in eadem causa. quem ipse dominicus. cum testes
374 1254 1907 1328 in iudicio secundum consuetudinem nominarentur. neglexit impug-
374 1322 1913 1394 nare. nec huiusmodi consanguineitatem. obiicere demum circa te
380 1386 1922 1458 stium iuramentum. opponendo predictus dominicus. testimonium
389 1455 1916 1526 dicti Petri. propter prefatam consanguineitatem. constanter asseruit
374 1518 1910 1589 non valere. et sic dicebat se causam eandem obtenturum. Nos con-
380 1586 1916 1653 siderantes. Que amicabiles compositores. seu mediatores. con-
374 1650 1916 1722 sanguinei esse consueverunt. Declaramus in tali casu testimo
383 1716 1551 1784 nium predicti Petro pro Conrado valiturum.
368 1805 1791 1871 De Prescriptione hereditatis petende
434 1958 523 2057 C
608 1940 1905 2003 Um prescriptio. propter segniciem. et pigriciam domi-
594 2006 1904 2067 norum sit instituta. Proinde statuimus. et decerni-
605 2073 1908 2135 mus. que si aliquis credit. vel reputat se habere aliquid
380 2137 1907 2204 ius. ad aliquam hereditatem. quam aliquis presentialiter possidet
389 2195 1916 2276 Si infra tres annos. et tres menses. tempore pacis. et concordie su
380 2270 1913 2340 stinet. et patitur pacifice ipsum possessorem. possidere eandem
368 2333 1916 2405 hereditatem. ita tamen quod licet possit de facili. infra predictum tempus
383 2404 1913 2468 et spacium trium annorum et mensium. ad ipsum possidentem venire
386 2464 1913 2536 vel coram iudice convenire eundem tamen immotam eandem reliquit que
368 2529 1901 2603 stionem et passus est possidentem. extunc ab omni iure heredi-
374 2597 1913 2669 tatis. quomodolibet sibi competente. censemus eundem post
371 2660 1767 2733 decursum trium annorum. et trium mensium cecidisse.
374 2747 1922 2822 De prescriptione obligate hereditatis. redi
359 2831 1346 2901 mende vel non redimende
414 3003 526 3100 S
596 2985 1896 3045 I vero aliquis dedit bona quidam hereditaria. in obligatio
581 3051 1907 3111 nem. seu pignorationem. volumus et decernimus quod
590 3120 1896 3179 idem sic obligans. aut eo deficiente eius consanguinei.
1728 3192 1856 3254 c ii
2049 961 2381 1007 ☞In probatione
2046 1012 2379 1052 bonorum venditorum
2030 1059 2375 1099 consanguinei quo com-
2039 1106 2384 1148 muniter in contracti
2046 1153 2370 1198 bus mediant. licite
2040 1201 2298 1244 testificabuntur
2043 1846 2370 1891 ☞Possessor trium
2031 1896 2370 1939 annorum. et trium
2031 1946 2373 1987 mensium. nullo iure
2031 1993 2370 2035 vincitur. nisi constaret.
2040 2039 2367 2080 que interim non potuit
2034 2086 2378 2129 aliquis iure aggre-
2030 2133 2369 2181 di possessorem pacis
2034 2183 2192 2226 tempore
2037 2603 2370 2645 ☞Obligatam villam
2021 2651 2361 2695 si unquam redimere cu
2024 2700 2367 2740 piat annuatim in par-
2024 2747 2360 2791 rochia aut in iudicio
2024 2794 2358 2839 notificet. Et obliga
2021 2843 2361 2888 tionem et summam sic
2019 2890 2367 2935 etiam per annos triginta
2018 2937 2364 2985 ius proprietatis redi-
2022 2989 2351 3035 mende. non perdet sed per
2030 3038 2366 3080 continuos quindecim an-
2021 3084 2364 3129 nos silendo silentium ha
2019 3134 2366 3183 biturur erit perpetuus
2025 3185 2199 3230 pacis tempore.
