2855 3913
614 417 1036 517 Summarium
1050 402 2635 547 Vladislaus Iagello contra hereticos et fau
1080 510 2257 652 tores eorum in viielun constituit
1080 652 2639 754 tenore presentium quibus expedit. universis presentibus et futuris harum
1085 732 2633 826 noticiam habituris Quam cum sub dissimulatione preterire non de-
1089 791 2650 889 bemus ymmo arcemur divine legis perpetuis institutis: pesti
1076 860 2650 958 feros hereticorum errores. quos in dei contemptum et in christiane fi-
1093 928 2628 1019 dei detrimentum et enervationem pollicie que iacturam: iniquir perverso
1082 997 2641 1089 rum corda conflaverunt. Etiam quocunque oportent nos subire pericula
1080 1054 2644 1158 a finibus nostris propulsare: et in gladio deiicere: ut que censura ecclesie
1076 1119 2639 1226 non terrentur: humana severitate mulctentur. maturo consilio prela
1080 1195 2635 1286 torum principum et Baronnum nostrorum habito et consensu. et etis de certa
1089 1260 2626 1356 ipsorum et nostra scientia presentibus decernimus. et pro firmo. constanti atque
1085 1323 2635 1426 irrefregabili edicto teneri pricipimus. ¶ Ut quocunque in Regno
1080 1386 2633 1491 nostro Polonie et terris nobis subiectis. hereticus aut heresi infe
1091 1460 2641 1556 ctus vel suspectus de eadem. fautor eorum vel director repertus fue-
1085 1519 2635 1621 rit: per nostros Capitaneos Consules Civitatum: et alios officiales
1080 1586 2639 1693 ac quoslibet subditos nostros sive in officiis. sive extra viventes velut
1091 1649 2633 1752 Regie Maiestatis offensor capiatur. et iuxta exigentiam excessus
1091 1723 2635 1819 sui puniatur. Et quicunque venerint de Bohemia et intrant Re-
1085 1782 2635 1891 gnum nostrum ordinariorum suorum examini aut magistrorum heretice pra
1091 1847 2628 1954 vitatis ad hoc a sede apposolica deputatorum vel deputandorum subdentur
1089 1913 2628 2028 comprehensi. ¶ Si quis aut incolarum Regni nostri cuiuscunque status
1093 1984 2626 2089 dignitatis. gradus aut conditionis fuerit. hinc et festum Ascen-
1085 2060 2633 2149 sionis domini proximum redire de Bohemia neglexerit. noluerit.
1082 2113 2635 2217 vel contenserit. pro convicto heretico censeatur et penis subiaceat. que
1078 2180 2626 2284 hereticis infligi consueverunt. Nec amplius ad regnum nostrum rever
1085 2243 2641 2354 tatur moraturus. ¶ Et nihilominus omnia bona ipsorum mobilia
1089 2308 2633 2423 et immobilia. in quibuscunque rebus consistentia publicentur thezauro
1089 2376 2617 2491 nostro confiscanda. prolesque eorum tam masculina: quam feminea omni ca-
1085 2445 2624 2554 reat successione perpetuo et honore. Nec unquam ad aliquis assuma
1085 2504 2633 2613 tur dignitates vel honores. sed cum parentibus et progenitoribus suis
1091 2573 2624 2686 super maneat infamis. Nec de cetero gaudeat aliquo privilegio no-
1085 2630 2633 2749 bilitatis vel decore. ¶ Inhibemus etiam sub eisdem penis: omnibus
1093 2708 2635 2817 mercatoribus et alijs hominibus cuiuscunque conditionis fuerint.
1089 2771 2633 2873 ut amodo et in posterum nullas res venales. presertim plumbum ar
1085 2843 2620 2949 ma esculenta et poculenta ad Bohemiam ducere presumant vel por-
1085 2902 2617 3026 tare. ¶ Quocirca vobis omnibus et singulis Capitaneis. Bur
1085 2967 2628 3093 grabiis procuratoribus Magistriis civium Consulibus. et aliis Regni
1067 3030 2620 3149 nostri officialibus et subditis quibuslibet ad quos presentes pervenerint Man-
1080 3095 2626 3254 damus quatinus presens edictum nostrum custodire fideliter et firmiter
639 1345 978 1430 ☞Hereticus et de
632 1417 976 1482 heresi suspectus ac
632 1463 976 1526 fautor hereticorum
632 1510 980 1597 capiatur ac puniatur
634 1795 976 1891 ☞Qui de Bohe-
634 1871 974 1939 mia veniunt per inqui
630 1921 982 1989 sitores heretice pra
628 1971 967 2041 vitatis debent exa-
626 2017 763 2113 minari
632 2247 980 2332 ☞Omnia bona
619 2308 978 2386 heretici thezauro re
626 2365 928 2443 gio confiscantur
624 2634 971 2747 ☞Proles hereti-
632 2723 971 2797 corum perpetuo infa
626 2776 856 2863 mis efficitur
621 3004 976 3089 ☞Non debent merca
628 3076 971 3141 tores ad Bohemiam
617 3126 974 3208 ducere res venales
