2855 3913
1302 413 1902 547 Liber Quartus
745 578 2461 684 guinem domini nostri Iesu christi contingit accipere per triduum
763 660 2441 745 antequam eos lactent lac effundere eas faciunt in laternam. Alia insu-
754 730 2446 821 per contra fidem catholicam detestabilia et mandata committuntur
756 804 2450 884 propter que fidelibus est verendum ne divinam indignationem in-
763 867 2465 945 currant quando perpetrare sustineant que fidei nostre confusionem
758 930 2463 1015 inducant. Inhibemus ergo districte ne decetero nutrices vel obsti
761 997 2461 1078 trices aut servitrices habeant christianas ne ipsas ex familiaritate
sua ad sue infidelitatis errorem pertrahant et inducant. Et ne filie li
750 1123 2452 1213 bere filiis famulentur ancille sed tanquam servi a domino reprobati in
758 1193 2450 1278 cuius mortem nequiter coniuraverunt se saltem per effectum ope-
756 1263 2454 1343 ris illorum servos et famulos recognoscant: quos christi mors li-
763 1321 2446 1410 beros et illos perpetue effecit servos. Si vero hac prohibitione no
756 1391 2465 1476 stra: ymmo verius ampliato contemptu nutrices et obstitrices: et
aliam familiam non dimiserint christianam. Episcopi locorum sub
756 1528 2452 1602 excommunicationis inhibeant pena districte omnibus christianis ne
761 1578 2444 1667 cum iudeis commune aliquid audeant exercere. Item in die para-
756 1649 2452 1736 sceve die dominice passionis Christi Iudei in publicum non prode
ant: et per totam ipsam diem sua hostia et fenestras suas clausas te
752 1791 2446 1867 neant: ne christianorum conspectui qui tunc sacratissime memori-
756 1856 2444 1936 am exhibentes passionis: lamentationis signa pretendunt per su-
754 1921 2459 1999 as derisiones et blasphemias in contumeliam prosiliant creatoris.
756 1982 2467 2063 Nulli etiam iudeorum perfruantur offitio aliquo publico. Si au-
750 2054 2420 2130 tem hoc commiserint excommunicationis sententia enodentur.
747 2113 2441 2199 Ideo vero officiali tamdiu Christianorum communio in convivi-
745 2176 2433 2263 is et aliis denegetur: donec pauperum Christianorum secundum
756 2249 2441 2334 prudentiam dyocesani Episcopi convertent: quicquid fuit Iudeus
745 2308 2435 2402 adeptus exactione offitii publici si suscepti et offitium cum pudo-
756 2373 2450 2460 re Iudeus dimittat quod irreverenter assumpsit. Sinagogas no-
750 2447 2439 2523 vas nullatenus construant. sed antiquas si corruant: aut ruinam
756 2521 2450 2595 minantur reformare poterint. Non autem eas exaltent aut amplio
756 2573 2446 2660 res et pretiosiores quam ante a fuisse dinoscuntur faciant. Quod
750 2641 2444 2721 utique pro magno debent habere que in veteribus sinagogis et suis
743 2706 2439 2795 obseruantiis misericordialiter tollerantur. Ad baptismum non cogan
752 2769 2452 2860 tur inuiti: nec in personis nec in suis rebus sine iuditio puniantur:
743 2839 2446 2926 nec in suis festivitatibus perturbentur nec eorum cemiteria per ex hu
743 2906 2433 3028 manationem corporum: vel aliter violentur: Quia vero similitu-
452 1967 700 2058 Iudei non prefici
445 2043 691 2113 autem alicui pub
437 2091 647 2178 lico offitio.
