2855 3913
614 417 1036 517 Summarium
1054 472 2637 526 Vladislaus Iagello contra hereticos et fau
1083 565 2259 613 tores eorum in viielun constituit
1083 699 2640 751 tenore presentium quibus expedit. universis presentibus et futuris harum
1089 762 2634 818 noticiam habituris Quam cum sub dissimulatione preterire non de-
1092 826 2652 884 bemus ymmo arcemur divine legis perpetuis institutis: pesti
1080 892 2652 952 feros hereticorum errores. quos in dei contemptum et in christiane fi-
1098 963 2631 1018 dei detrimentum et enervationem pollicie que iacturam: iniquir perverso
1086 1024 2643 1082 rum corda conflaverunt. Etiam quocunque oportent nos subire pericula
1083 1090 2646 1148 a finibus nostris propulsare: et in gladio deiicere: ut que censura ecclesie
1080 1159 2640 1214 non terrentur: humana severitate mulctentur. maturo consilio prela
1083 1224 2637 1280 torum principum et Baronnum nostrorum habito et consensu. et etis de certa
1092 1294 2628 1346 ipsorum et nostra scientia presentibus decernimus. et pro firmo. constanti atque
1089 1354 2637 1414 irrefregabili edicto teneri pricipimus. ¶ Ut quocunque in Regno
1083 1422 2634 1483 nostro Polonie et terris nobis subiectis. hereticus aut heresi infe
1095 1489 2643 1547 ctus vel suspectus de eadem. fautor eorum vel director repertus fue-
1088 1555 2637 1615 rit: per nostros Capitaneos Consules Civitatum: et alios officiales
1083 1620 2640 1684 ac quoslibet subditos nostros sive in officiis. sive extra viventes velut
1095 1686 2634 1750 Regie Maiestatis offensor capiatur. et iuxta exigentiam excessus
1095 1752 2637 1814 sui puniatur. Et quicunque venerint de Bohemia et intrant Re-
1088 1816 2637 1879 gnum nostrum ordinariorum suorum examini aut magistrorum heretice pra
1094 1884 2631 1945 vitatis ad hoc a sede apposolica deputatorum vel deputandorum subdentur
1092 1948 2631 2012 comprehensi. ¶ Si quis aut incolarum Regni nostri cuiuscunque status
1098 2014 2628 2080 dignitatis. gradus aut conditionis fuerit. hinc et festum Ascen-
1089 2082 2634 2144 sionis domini proximum redire de Bohemia neglexerit. noluerit.
1086 2148 2637 2206 vel contenserit. pro convicto heretico censeatur et penis subiaceat. que
1082 2211 2628 2272 hereticis infligi consueverunt. Nec amplius ad regnum nostrum rever
1088 2275 2643 2341 tatur moraturus. ¶ Et nihilominus omnia bona ipsorum mobilia
1092 2344 2634 2407 et immobilia. in quibuscunque rebus consistentia publicentur thezauro
1092 2412 2619 2477 nostro confiscanda. prolesque eorum tam masculina: quam feminea omni ca-
1089 2476 2625 2545 reat successione perpetuo et honore. Nec unquam ad aliquis assuma
1089 2541 2634 2614 tur dignitates vel honores. sed cum parentibus et progenitoribus suis
1095 2607 2625 2678 super maneat infamis. Nec de cetero gaudeat aliquo privilegio no-
1089 2667 2634 2743 bilitatis vel decore. ¶ Inhibemus etiam sub eisdem penis: omnibus
1098 2736 2637 2807 mercatoribus et alijs hominibus cuiuscunque conditionis fuerint.
1092 2802 2634 2872 ut amodo et in posterum nullas res venales. presertim plumbum ar
1089 2871 2622 2939 ma esculenta et poculenta ad Bohemiam ducere presumant vel por-
1089 2935 2619 3008 tare. ¶ Quocirca vobis omnibus et singulis Capitaneis. Bur
1088 3000 2631 3079 grabiis procuratoribus Magistriis civium Consulibus. et aliis Regni
1070 3067 2622 3145 nostri officialibus et subditis quibuslibet ad quos presentes pervenerint Man-
1083 3135 2628 3217 damus quatinus presens edictum nostrum custodire fideliter et firmiter
642 1393 980 1429 ☞Hereticus et de
636 1440 978 1477 heresi suspectus ac
636 1488 978 1525 fautor hereticorum
633 1537 981 1577 capiatur ac puniatur
639 1851 977 1888 ☞Qui de Bohe-
639 1899 975 1933 mia veniunt per inqui
632 1947 983 1981 sitores heretice pra
632 1994 968 2033 vitatis debent exa-
629 2043 765 2081 minari
635 2290 981 2332 ☞Omnia bona
623 2337 980 2384 heretici thezauro re
630 2388 929 2430 gio confiscantur
627 2701 972 2744 ☞Proles hereti-
636 2753 972 2789 corum perpetuo infa
629 2804 857 2843 mis efficitur
626 3051 977 3089 ☞Non debent merca
632 3099 972 3136 tores ad Bohemiam
621 3151 975 3189 ducere res venales
