2855 3913
1350 476 2004 543 Consuetudinum
1101 632 2318 711 Alexandri Regis admonicio ad
1118 726 2330 796 consuetudines Iuris ubique terra
1094 821 1679 891 rum habendas
1040 1004 1174 1127 p
1271 927 2532 1008 Uncta suprascripta Nos Alexander
1259 1015 2520 1076 dei gratia Rex. ex consuetudinibus tam terrestris. quam
1274 1070 2535 1140 Castrensis iudiciorum terre Cracoviensis. collegimus que
1268 1153 2519 1205 Iuri corporis ascripta decernimus in terra Cracoviensi. pro
965 1211 2514 1283 plebiscito privato Terre eiusdem tenendo perpetua. Quod de-
974 1274 2514 1347 cretum nostrum. etiam universis aliis terris. presentium te-
966 1338 2529 1414 nore innotescimus. consultive hortando. ut pro iusticie cultu con
983 1407 2523 1478 servationeque. aut istas approbent. aut instar istarum suas scri-
978 1472 2538 1542 bant in papiri litteris. quam in numero. xii. foliorum isto loco relin
983 1537 2538 1610 quimus. et cuilibet terrarum eadem folia damus. Sic tamen ut
995 1612 2526 1674 dum relique terre suas scripture essent consuetudines. primum
987 1672 2538 1740 eas nobis. vel successoribus nostris offerent. per nos in stilum
993 1737 2541 1810 congruentem redigendas. quas tandem in stilum redactas.
1004 1802 2538 1875 Nos vel successores nostri ad libros Statutorum presentium
995 1868 2550 1944 in terra ipsa de qua consuetudines nobis porrecte essent existen
996 1933 2535 2011 tium in. xii. foliis predictis fideliter scribendas restituri su-
990 1998 2544 2076 mus. successoresque nostri restituent. per appositum Maiesta
977 2066 2529 2149 stis regie decretum. emendatas. moderatas. et approbatas
