2855 3913
903 359 1265 412 CLXVIII
1917 487 2337 527 Summarium
753 479 1292 541 Iuris supremi
302 608 1841 672 meneam Ratificationis priuilegii Illustris principis. et domini
308 676 1835 738 Kazimiri Regis polonie. et cetera de et super institutioneu Iurissu
296 741 1832 804 premi Theuthonicalis provincialis in Castro nostro Cracoviensi.
314 808 1847 870 vice et loco iuris Maiidemburgensis editi et concessi factam et
308 876 1832 936 donatam Sigillo sancti genitoris nostri mediocri. in cordula
305 940 1841 1002 sericea impendenda Sigillata sanam. salvam. et integram non
302 1004 1845 1067 viciatam non cancellatam. nec in aliqua sui parte suspectam.
308 1070 1847 1136 sed omni prorsus vicio. et suspectione carentem. et pro parte
317 1139 1833 1199 eorundem advocati et iuratorum. coram nobis presentatam.
317 1207 1835 1265 Confirmare: approbare: ratificare et innovare dignaremur.
296 1268 1841 1329 Cuius quidem littere una cum contentis in eadem tenor de verbo
309 1325 1094 1398 ad verbum sequitur et est talis
308 1415 1841 1479 In nomine domini Amen. Ad perpetuam
296 1489 1829 1555 rei memoriam. Non convenit ut insperatis sortis casibus profe-
308 1557 1829 1621 ctus rerum subiicere. et pia vota cum cadente fortuna depu-
305 1624 1835 1686 tare. quorum vivax esse debet assercio. et constitutio perpetuo
302 1691 1850 1751 subsistere robore firmitatis. Proinde nos Vladislaus dei gra
311 1754 1851 1817 tia Rex polonie. necnon terram Cracovie Sandomirie Si
308 1821 1836 1881 radie Cuiiavie Lancice Liithwanieque princeps supremus.
312 1884 1836 1943 Pomeranieque dominus et heres. et cetera Significamus tenore pre-
311 1952 1839 2009 sentium quibus expedit universis. presentibus et futuris. pre-
302 2015 1836 2075 sentium noticiam habituris. Quomodo licet dudum dive me-
308 2079 1836 2143 morie dominus Kazimirus Rex polonie predecessor noster.
317 2153 1839 2211 Regali provisione. et communi utilitate suadente in Regno po
308 2216 1848 2277 lonie Ius Theutonicum supremum instituisset. et ordinasset
308 2281 1832 2345 ut omnibus oppressis et gravamen. coram iudicibus secula-
299 2344 1838 2409 ribus iudicii eiusdem Theutonicalis patientibus. totum ad
302 2413 1844 2475 illud appellandi. et evocandi patuisset refugium. Ne subditi
308 2476 1839 2543 Regni nostri. ob defectum iurissupremi ad terras alienas. per
317 2545 1838 2608 loca incognita. non sine gravibus periculis. damnis et expre-
314 2613 1851 2674 sis. pro iustitia recurrere arcerentur. Quemadmodum ante
302 2677 1841 2740 huiusmodi constitutionis decretum. et hec talismodi consti-
308 2745 1838 2808 tutio. tempore felicis nostri Regiminis. sub rati habitione no-
311 2812 1841 2874 stra. et hactenus tenta fuisset. custodita. et servata. in et sub
305 2876 1838 2941 forma. per certa capitalia tradita. et litteris autenticis sub ap
314 2945 1844 3006 pendentibus Sigillis Maiestatis eiusdem Regis Kazimiri
323 3011 1850 3074 confirmata. ¶ Tandem huiusmodi littere apud Iudices et
321 3074 1842 3141 conservatores prefati iuris. nescitur qua sorte. et vtique infau
1659 3139 1794 3199 y iiii
1968 1409 2319 1451 ☞ Alia Vladislaus Ia-
1973 1459 2312 1496 gello Confirmatio
1973 1508 2306 1543 privilegii super iure
1967 1555 2306 1589 theutonico per Kazi
1971 1606 2319 1640 mirum magnum dato.
