2855 3913
482 508 2113 630 Sed tantummodo infrascripti suas qualibet dederunt Regno sanctiones.
476 593 2126 691 Idem olim Magnus Kazimirus secundus suas que prima dicuntur Statuta
471 654 2128 754 Deinde Lodovicus. alias Loiisch Hungarie et polonie Rex suas. Vla
484 728 2133 823 dislaus Iagello rex polonie et Magnus dux Lithwanie condam gentilis
484 791 2128 884 sed inpostulatione ad Regnum baptisatus suas. Vladislaus Iagellonis hun
476 863 2107 954 garie et polonie Rex suas. Kazimirus Tertius Rex polonie et magnus
484 926 2130 1010 dux Litwanie Vladislai Iagello filius suas. Ioannes Albertus et rex
467 991 2109 1082 polonie et Lithwanie supremus dux suas nostro vero tempore Serenissimus
469 1058 2124 1143 et victoriosissimus dominus noster dominus Alexander Rex polonie et Magnus
489 1123 2117 1210 dux Lithwanie Russie Prussie. ac terrarum Cracovie Sandomirie Si
478 1182 2128 1273 radie Lancice Cuiiavie Ploczensis. Culmensis. Elbingensis. Pomeranie
476 1243 2154 1352 Samogithie dominus et heres suas speciales leges nobis dederunt. Que
484 1308 2128 1413 quidem leges hic memorate vetustiores. adeo suppresse fuere ut duo
vel tres. aut Barones aut patricii poloni omnino non fuerint. tot con
484 1439 2122 1536 ditas Regni leges scientes neminem aut revera offendi insimilis collectas
467 1502 2137 1604 habentem. Quod cum prelati Ecclesie ac barones primores et patricii.
478 1571 2137 1671 necnon nobilitatum universi mirabundi perpenderent. et nonunquam in pub
484 1636 2133 1734 licis. proponerent consiliis. Leges ipsas proculdubio fuisse. Sed vel per
469 1697 2130 1806 bonorum impotentiam neglectas. vel per malorum temeritatem obliteratas.
469 1767 2139 1869 Eas ac universas alias ordinationes perpetuas ad felicitatem Status
480 1832 2137 1939 publici regni polonie pertinentes. Aliquas etiam externas in privilegiis
471 1895 2135 1999 Apostolicis ordinariis Ecclesiasticis et imperialibus ad optimos tamen
478 1952 2130 2056 Christianorum mores scriptas. et nonnullas pro aliis provinciis editas ut
482 2015 2126 2121 sunt leges Civilis seu Iuris Maiidemburgensis. quod quidem ius
484 2084 2122 2182 Maiidemburgensis. etsi imperiali maiestate Ottonis ruffi Cesaris consti-
482 2154 2122 2252 tutum fuerit tamen et illud Serenissimus olim Kazimirus Magnus fa-
484 2219 2128 2328 tetur ad utilitatem et profectum regnicolarum Regis polonie acceptasse
484 2286 2135 2384 illudqque reposuisse in thezauro regni communi ut de hoc priuilegium Iuris
484 2352 2139 2456 supremi castri Cracoviensis. perstringit cuius Iuris ac legum Civilium in opi
474 2421 2122 2515 dis et villis Regni polonie ius Civile habentibus. fit practica et obser-
480 2480 2126 2584 vatio. Iccirco innata eiusdem Serenissimi principis ac domini domini Alex-
474 2545 2126 2656 andri regis graciosissimi pietas. intelligens iura ipsa atque leges Rei-
482 2621 2135 2717 publice quam communi ac private cuiuslibet. Iustitie utiles et per necessarias.
484 2682 2137 2789 decrevit eas ordine infra scripto colligere. Ad cuius Regie celsitudinis
484 2747 2130 2847 honorem sempiternam quam gloriam .. insuper collecte sunt approbate conservan
487 2821 2143 2917 dorum terminorum atque rei iudicate exequende et iudiciorium consuetudines
487 2884 1915 2995 prout videbuntur post regestrum infrascriptum annotare.
487 2969 2154 3091 Regestrum communis totius privilegii et omnium
484 3056 2141 3236 sub titulo eiusdem privilegii In codice isto contentorum
2161 558 2644 686 cum reges statuta d'dri
