4076 2854
642 361 1799 410 quidem testatur Pto.d. 6.c.5. dicens in hac namque stella mercurii invenimus quod
635 409 1802 461 est parva circuli sicut reperimus in luna que centrum orbis revolutio
632 457 1803 508 nis.i.deferentis epiciclum quod prediximus ad contrarium successionis
638 505 1808 557 signorum revolutione una in omni anno: quoniam mercurius etiam in revo
626 553 1800 604 lutione una videtur in longitudine propinquiore duabus vicibus quem
623 603 1796 653 admodum luna vicibus duabus videtur in longitudine propinquio
632 652 1803 703 re in mense uno. hec ille. ista ergo apparentia in mercurio nullo modo ali
626 700 1796 749 ter salvari potest nisi positis aliis duobus orbibus huiusmodi dispositio
632 750 1797 797 nis sicut exprimit littera. et cum hoc que moveantur in contrariam partem
620 798 1790 845 deferentis epiciclum contra successum signorum circulo parvo. tali enim mo
627 846 1802 896 tu posito sufficienter salvabitur centrum epicicli esse in maiori distan
624 894 1802 944 tia centro orbis signorum quando fuerit in opposito augis ecentrici quam quando
626 944 1800 991 distiterit ante vel post oppositum augis duobus figuris propter sub ingressum
629 994 1803 1040 maioris spissitudinis secundi orbis ad oppositum augis tunc quando est cen
623 1042 1794 1088 trum epicicli fuerit in opposito augis. et hoc quidem que stella mercurii
620 1092 1785 1138 in longitudine propinqiorem revolutione una duabus vicibus appa
614 1140 1188 1181 reat. demonstrat Pto.d.9.c.8. etc.
626 1224 1796 1288 De centro horum duorum.
1505 1197 1796 1236 Notandum postquam autem
1507 1239 1813 1287 ostendum fuerit cen
623 1287 1787 1330 trum istorum duorum secundorum orbium satis manifestum erit idem centrum pervi circuli de
617 1335 1794 1381 betur esse etiam centrum primorum duorum quo ad eorum superficies ecentricas. aliter.n.
618 1383 1784 1427 orbes predicti non essent contigui nisi centrum superficierum ecentricorum esset
612 1431 1791 1475 ecentricorum centrum. unde quemadmodum in luna et deferentes augem lune
620 1482 1794 1526 moventur contra successionem signorum super centro mundi quo est eorum centrum
615 1531 1794 1574 principale. pro tanto deducunt motu suo centrum ecentrici circa centrum
608 1578 1784 1622 mundi. sic in mercurio necesse est illos orbes quorum motus est in contrarium
621 1627 1788 1672 signorum circa centrum suum aliud centrum ecentrici motu suo in eam partem
615 1678 1785 1718 in qua moventur deportare. et ex eo iam patet que centrum parvi circuli quem circulum de
618 1725 1779 1768 scribit centrum deferens epiciclum est centrum principale duorum secundorum orbium et eo
615 1773 1790 1817 rum motus est super ipso: eo que sit eorum principale centrum: sicut inquit littera: reliquum
617 1824 1775 1864 vero centrum quod mobile est principalius ipsi deferenti epiciclum ascribitur. etc.
611 1903 1791 1963 Hi duo orbes augem.
1314 1874 1779 1914 vocantur autem deferentes augem
1304 1917 1802 1963 ecentrici ideo et ad motum eorum
609 1968 1784 2012 variatur aux in ecentrico epicicli sicut inferius patebit sufficienter. que autem dica
621 2017 1778 2060 tur eorum motus esse regularis super centro parvi circuli patet ex eo: et centrum epi
605 2067 1794 2107 cicli mercurii dummodo invenitur in auge vel in opposito augis equantis semper sit
612 2118 1796 2159 super spissitudinem illius secundi orbis. quantum eius centrum epicicli ab auge equantis
2205 358 3374 410 versus orientem progreditur tamen duo secundi occidentem versus descendunt
2211 408 3383 461 tam diu donec iterum post medium annum in opposito augis equantis contraveniant
2217 456 3386 509 cum fuerit simul in eodem loco: et ab eo loco motu in suos terminos post re
2214 504 3386 562 liqua anni medietatem in auge equantis redunt: sicque moventur motu regula
2208 554 3387 611 ri super centro parvi circuli quomodo illud est illorum centrum sicut immediate onnsum
2222 602 3387 658 est. dictus etiam motus fit super axe transeunte per centrum super quo moventur: qui axis
2217 650 3392 704 tunc est equidistans axi zodiaci quando centrum epicicli in aliquo nodorum fuerit ideo:
2222 701 3399 754 et tunc superficies deferentis epiciclum fit in superficie ecliptice. alibi autem quam
2216 749 3387 799 in nodis existente epiciclo: dictus axis non est equidistans propter declinatonem isto
2228 796 3395 845 rum duorum orbium et deferentis epiciclum a superficie ecliptice quemadmodum
2219 848 3396 896 de ista declinatone seu deviatone deferentis ubi dicetur latitudinibus plane
2214 896 3402 949 tarum. similiter autem intelligendum est de polis dictorum orbium respectu polorum zo
2222 954 2706 998 diaci sicut de axe dictum est.
2216 1035 3392 1080 Motum autem horum orbium.
3134 996 3404 1032 Istud sequitur
3128 1028 3408 1075 cor. ex dictis. quem
2225 1090 3402 1138 admodum eius in luna deferentes augem lune eo que moventur ratione successionum
2235 1140 3401 1187 signorum centrum ecentrici reducunt et faciunt ipsum circa centrum mundi de
2226 1189 3396 1237 scribere circulum in contarium signorum cuius semidia meter est tanta quanta est ecentri
2226 1237 3402 1288 citatis quantitas: sic in proposito: hi duo orbes motu suo efficiunt centrum ecen
2231 1285 3401 1336 trici circulum parvum describere etiam regulari motu eo que ipsi regulariter move
2235 1334 3393 1382 antur. et hunc circulum necesse est esse totum supra centrum mundi in mercurio. ideo
2229 1384 3395 1430 et dum centrum epicicli fuerit in auge equantis: distantia illa centro mun
2234 1431 3408 1478 di usque ad centrum epicicli est. 69. graduum secundum illas partes seu gradus:
2226 1480 3392 1528 secundum quod semidiameter est.60.graduum. dum autem fuerit in opposito equantis pre
2232 1531 3395 1576 dicta distantia iterum est. 47. graduum secundum illas partes seu gra
2232 1577 3396 1622 dus secundum quos semidiameter est. 60. graduum: quemadmodum de
2232 1626 3402 1673 monstrat Pto. d.9.c.9. et sic dum centrum epicicli fuerit in opposito
2228 1674 3404 1723 augis equantis. centrum ecentrici reperitur a centro mundi versus au
2237 1723 3410 1771 gem equantis distare tribus gradibus: quoniam.57.deficiunt in tribus ad constitutionem
2231 1770 3398 1819 60. sic itaque et tantum centro epiciclo existente in auge quoniam in opposito
2231 1819 3398 1868 augis equantis semper centrum ecentrici invenitur supra centrum mun
2237 1870 3401 1918 di versus augem equantis necesse est predictum circulum totum esse
2244 1920 3407 1964 descriptum a centro ecentrici supra centrum mundi et non circa cen
2231 1969 3411 2012 trum mundi sicut in luna. et interum sequitur diametrum parvi circuli
2240 2020 3408 2062 esse.6.gradum: quoniam tota distantia a centro epicicli ipso in auge
2235 2066 3408 2111 equantis existente usque ad centrum mundi est.69.graduum relinquun
2232 2115 3407 2162 tur.6.gradus dyametri scilicet parvi circuli centrum etiam equantis
