4076 2854
690 429 1856 473 Si vera coniunctio luminarium fuerit.
693 491 1860 544 Hic iam magister ostendit explicite quando visibilis coniunctio que est eclipsis so
693 541 1866 590 lis prius fit quam vera. et quando posterius et quando simul cum vera. Eclipsis enim
687 588 1850 640 solis nil aliud est quam coniunctio luminarium visu apprehensa seu quod idem
690 637 1857 689 est interpositio lune inter solem et oculum nostrum etc. dum etiam vera coniunctio fue
690 684 1853 737 rit precise in. 90. gradu ab ascendente quod ascendens fit tempore vere coniunctionis
693 732 1850 785 de hoc enim ascendente dicta intelligi debent tunc nulla fit diversitas aspectus
690 783 1866 833 in longitudine. in latitudine tamen fieri poterit. hic etiam gradus. 90. dumtaxat
696 831 1863 883 sole existente in principio cancri et capricorni fit in meridie. sed sole existen
696 879 1853 932 te insignis recte ascendentibus que sunt a cancro per libram in capricor
695 930 1859 979 num fit post meridiem. et insignis oblique ascendentibus que sunt reliqua
690 976 1866 1027 medietas talis gradus. 90. ante meridiem contingit. alii autem sequentes
696 1024 1866 1076 termini quibus utuntur doctrinales eclipses solares et lunares tabulantes
698 1074 1865 1126 satis clare per magistrum in littera exponuntur quo ad nominis sic
692 1123 1865 1174 est: latitudo lune visa ( que solum in eclipsibus solaribus et non lunari
704 1172 1865 1225 bus attenditur ) digiti ecliptice seu punctu minuta casus tam in solari
698 1220 1865 1273 quam in lunari eclipsi minuta dimidie more quam in eclipsi solum lunari fie
689 1267 1862 1321 ri poterunt omnia ista patent in littera quod per nomen eorum intelligere debea
708 1318 1874 1370 mus: qumodo autem tabulari debeant ad sextam dictionem Ptolemei aut
696 1369 1776 1420 adeas qui in canonibus primi mobilis tradiderunt recurrantur.
702 1461 1224 1498 Diameter solis.
1263 1413 1868 1460 Iam ultimo magister in hoc capitulo
1251 1464 1856 1508 quarto tractat de diametris visualibus
705 1513 1871 1565 luminarium et que dicit magister diameter visualis cordat hoc est occu
705 1561 1871 1613 pat de zodiaco. 31. minutis. dum in auge sui ecentrici fuerit. in hoc sequitur
708 1610 1874 1661 Albategni et Beberum qui in hoc corrigunt Pto. q.d.5.c.15. dixit ipsam
707 1660 1874 1711 esse. 31. minuta. ⁊. 20.2a. ipsi enim dicunt quod cordat in longitudine media
698 1707 1868 1759 32.minutis.30. in auge vero. 31. minutis. et in oppostto.34. hec etiam proponit Albeon
710 1756 1871 1810 propositone. 21. prime partis. Et in hac littera etiam magister tangit que ex motu
701 1806 1868 1858 solis in una hora potest devenire in diametrum solis visualem et econverso ubi
701 1866 1184 1907 dicit semper cum quo est proportio.
713 1910 1097 1990 Lune vero.
1109 1906 1877 1948 Tantus habetur diameter visualis lune ex tabu
714 1951 1875 1994 la semidiametrorum circa tabulas eclipsium. Albe
710 2001 1865 2053 on autem de ipsa propositione. 18. sic inquit. diameter lune cum fuerit in auge ecentrici
719 2052 1874 2101 et epicicli cordat arcum circuli magni. 29.minutis. 20.2a. cum vero fuerit in op
719 2100 1877 2150 posito augis epicicli cordat arcum. 35. minuta. 20.2a. (ultra dicit) hoc
707 2151 1877 2206 patet per Albategni Beber. et Commentatorem libri quarti commento quarto que hic
2231 364 3395 415 corrigit Pto. libro.5.c.15. hec ille. et magister iterum proponit proportionem secundum
2240 413 3399 463 quam se habet motus lune in una hora ad diametrum lune visualem. poterit
2237 463 3399 511 ergo elici diameter lune visualis ex ipsius vero motu in una hora. Pto.
2235 513 3393 562 etiam.d.5.c.15. posuit que sole exeunte in auge ecentrici et epicicli diameter vi
2238 557 3402 611 sualis unius equalis est diametro visuali alterius. s.31.minutis.20.2a. In quo eum
2243 607 3173 658 non sequuntur posteri doctrinales neque hic magister: ut patet.
2238 660 2708 747 Dum sol in auge.
2699 657 3395 697 Hoc etiam novit Albeon in prima parte propositone.
2241 702 3399 744 19. dicens semidiameter umbre in loco transi
2241 754 3404 803 tus lune eclipsate continet semidiametrum lune bis et eius tres quantas. et hoc
2237 803 3414 851 est dicere in proportione dupla supertripartiente quartas in ea eidemm proportione se
2250 853 3402 901 habent. 13. ad. 5. et tunc allegat Albategni et Commentatorem Almagesti. et ergo
2238 901 3410 950 habita diametro vel semidiametro lune ex ea habere potest diameter vel etiam semi
2244 949 3407 1000 diameter umbre: quemadmodum priores querebant sole cum supposito in auge
2247 997 3395 1049 sui ecentrici. que si sol alibi fuerit quam in auge: ex tunc scita diametrum motus
2241 1046 3404 1094 solis in una hora illius loci in quo tunc fuerit sol ad motum in una hora quem
2237 1096 3408 1142 habet in auge existens: scitur quantum maior est diameter umbre sole exeunte in
2235 1145 3408 1192 auge sua ad diametrum umbre sole exeunte alias: et. s. tanto maior est quantum
2253 1193 3407 1241 est illa differentia motus solis in una hora decies accepta. pro tanto ergo primo
2247 1243 3413 1292 res illam doctrinam motum per.10. multiplicabant et productum a diametro umbre
2243 1291 3404 1342 inventa sole in auge supposito minuebant: sicque surgebat diameter um
2249 1339 3404 1387 bre equata in loco alio a sole existente quam in auge. et hoc magister preten
2237 1388 3401 1435 dit in verbis littere: tantum ergo sit circa capitulum quartum que eclipsium ter
2244 1447 2618 1487 minos declarabat. etc.
2244 1489 2824 1577 Declinatio stelle.
2825 1485 3410 1521 Quintum et ultimum capitulum huius tra
2243 1529 3414 1572 ctacus secundi in quo magister primum agit
2244 1585 3404 1631 de declinatione stellarum que reperitur in ominibus astris. s. tam in planetis omnibus quam
2247 1634 3413 1681 etiam in stellis fixis. sed hoc specialiter agit de latitudinibus sex planetarum. ibi luna autem
2244 1682 3410 1730 Quid sit autem ipsa declinatio patet in littera. quando vero mathematice venari
2250 1730 3405 1778 debeant ac iterum tabulari patet nomine latitudinis stelle intelligamus
2243 1780 3416 1828 constat ex littera. Est tamen sciendum que declinatio computatur in ordine ad
2243 1828 3410 1876 equinoctialem in primo mobili constitutum variabilisque secundum diversa tempora
2252 1874 3414 1927 invenitur in sole planetis et in stellis fixis propter motum octave sphere:
2256 1928 3413 1973 de quo videbitur latitudo autem stellarum fixarum: et in ordine ad
2250 1976 3416 2023 eclipticam octave sphere accipit si pro uno tempore recte inveniatur.
2255 2027 2994 2072 hec ipsa tenenda est ad tempora quecunque etc.
2247 2081 2709 2153 Luna autem.
2703 2074 3411 2111 Tractat specialiter de latitudinibus sex planetarum:
2243 2120 3426 2159 et non semper manet eadem sicut in stellis fixis sed
