7633 10187
741 492 5990 888 tuor circulis minoribus qui diuidunt speram in partes inequales. Et pri
753 809 5492 1109 mo determinat de circulo solstitij estiualis ⁊ dicit vt patet in textu.
804 1160 5968 1494 Notandum pro Intellectu textus Q⁊ autor in textu
741 1443 5951 1692 dicit Q⁊ sol motu raptu firmamenti vel primi mobilis describit circulum
758 1629 5973 1924 solstitij estiualis. Sciendum quod motus solis non dicitur ꝓprie moueri
758 1839 5956 2139 motu raptys firmamenti. Ratio quia vbi est raptus ibi est violentia. Sʒ
792 2065 5934 2359 in motibus celorum ⁊ sperarum celestium no~ est violentia quia alias ibi
792 2275 6007 2569 motus non essent perpetui ꝓbat em~ Aristotiles primo celi quod nullum
1823 2512 6002 2778 violentum ꝑpetuum. Motus au~t celi ⁊ sperarum sunt ꝑpetui nunqua~ de
849 2710 5990 3005 ficientes scd'm Aristotilem vt ꝓbatur primo celi ⁊ octauo phisicoru~ Sed
1143 2959 6019 3208 per motum raptus dʒ intelligi motus vniuersalis primi celi omnes enim
1115 3169 5951 3446 motores inferiores qui dicunt ab autore de causis anime nobiles ad com
866 3378 5764 3661 placentiam ⁊ in ratione amati ⁊ desiderati primi motoris qui mouet p'mu~
855 3588 5990 3888 mobile admittit quod eoꝝ orbes etiam mouentur quottidie ab orie~te in
1007 3808 6047 4108 occidentem iteru~ redeuntes in orientem in die naturali hoc est in vignti q~-
821 4035 6007 4323 tuor horis licet ꝓp'riis motibus quilibet motor inferior mouet suum mo
889 4250 6007 4544 bile ab occidente in orientem in diuersis temporu~ spaciis vt dictum est in
928 4459 6024 4787 prumo capitulo huius tractatuli. Subiungit etiam autor in textu Q⁊ cir-
872 4657 6081 5025 culus solstitii estiualis hebet duo nomina. Primo dicitur circulus solsti-
1353 4901 6115 5212 tii estiualis non quod sol staret ⁊ cessaret a motu sed quia sol altius tunc
883 5116 6098 5450 non ascendit. Scd'o ille circulus dicitur tropicus estiualis quia cum sol is-
922 5302 6166 5682 tum circulum describit iam reuerti incipit ad hemisperium inferius rece-
996 5563 6058 5891 dendo a nobis ⁊ tendit versus meridiem sic em~ disposuit deus gloriosus
979 5789 5605 6112 vnde ⁊ tropicus dicitur a tropos grece quod latine conuersio.
1240 6140 6098 6542 ¶ Sol iteꝝ existens in primo puncto capricorni siue
934 6491 6132 6938 solstitij hijemalis raptu firmamenti descirbit q~nda~
934 6938 6053 7362 circulum qui vltimo describitur a sole ex parte poli
979 7334 6087 7736 antartici. Unde appellatur circulꝰ solstitij hyema
985 7742 6053 8160 lis siue tropicꝰ hyemalis quia tunc Ↄuertit^ ad nos
