2597 3500
329 201 2127 467 Kazimirus Dei gracia Rex Polonie etc Significamus tenore presencium universis Quoniam
416 431 2105 524 facto computo cujus Magnificis Johanns de Cziszow Castllano et Ca
449 487 2081 577 pitaneo Cracoviensi sincere nobis dilecto Remansimus sibi et cum hiis pecuniis
437 540 2127 629 quas die datum presencium apud eum in mutuum videlicet ducentos et quinquaginta
441 594 2075 685 florenos recepimus in duobus milibus florenis Hungaricalium obligati ...ꝰ
446 654 2079 752 triginta duobus florenis Imꝑ quos florenos habet alias litteras sibi desuper datas
449 717 2173 822 quas non cessamus Quos quidem florenos sibi in et super exaccionibus duorum
427 764 2144 894 grossorum in terris videlicet Russie Podolie Lublinensis et Chelmensis exigendis solvendos
452 837 2137 952 assignamus promittamusque in vero nostro Regio et spondemus Quod prefatorum
453 893 2061 1010 terrarum duorum grossorum exaccionibus prelibatis nullam summam percipiemus
456 956 2112 1080 neque levabimus deviet dicta summa florenorum ipsi Castellano Cracoviensi
465 1020 2117 1147 fuerit de eisdem integraliter persolutas Summas tamen pecuniarum non
477 1096 2143 1206 in florenis sed in pecunio currenti sibi specialiter obligatarum ad id
462 1157 2132 1268 non computando prout eciam habet desuper litteras speciales Si vero in
455 1227 2202 1357 prescriptis pecuniis in portando aliquod damnum quod absit quem
489 1287 2205 1415 cumque contingent Id pro nostra dampnacio censebitur esse et debebit
478 1347 2174 1465 harum quibus Sigillum nostrum appensum est testimonio litterarum
406 1406 2189 1553 Datum Cracovie feria Sexta festi Sancti Grigorii Anno Domini Millesimo
497 1506 1136 1640 quadringentesimo Quinquagesimo sexto
1421 1531 2144 1664 Relacio venerabilis Johannis Luth
1432 1623 2187 1715 konis de Bresze utriusque juris
1415 1671 2302 1786 doctor archidiaconus Gneznensis Regni Polonie vicecancellarius
1168 1748 1833 1887 Super inquisicione minerarum
434 1747 2178 1998 Kazimirus Dei gracia Rex Polonie etc Significamus etc presentibus et futuris
504 1982 2183 2076 Quod cum ex debito regiminis nam officio debeamus profectibus et comodis
501 2047 2215 2136 Regni nostri intendre ejusdemque utilitatibus fructibus et thezaurum salubriter
486 2109 2170 2209 consulere ac in eo ubi expedit condicionem facere meliorem ut in tempore
507 2170 2175 2255 nostri felicis regiminis in thezauris novis quos situs locorum aut terre
492 2240 2217 2345 in suis deposuit visceribus valeat proficere et felicia recipere incrementa
494 2304 2209 2420 de legalitate itaque industria sagacitate et providencia providorum
482 2372 2222 2471 et honestorum Stanislai et Dominici germanorum indivisorum Civium nostrorum
479 2448 2214 2537 de Szmigrod et Pauli Sczudlacowicz de Falcowa fidelium nostrorum quibus
486 2492 2228 2620 plurimum multipliciter coram nobis sunt commendati ad plenum confidentes ipsis et
486 2564 2224 2687 eorum cuilibet ipsum et sociis eorum quos sibi in societatem duxerint
465 2623 2212 2754 adjungendos et recipiendos tam conjunctim quam divisim auri argenti Cupri
465 2690 2237 2829 plumbi lazuri et omnis alterius metalli thezaurorumque subterraneorum
469 2755 2252 2881 quibuscunque nunccupentur nominibus in montibus Campis planis silvis
444 2825 2260 2943 aquis villis tam nostris quam spiritualium Religiosorum et Nobilium terrigenarum
447 2892 2205 3021 nostrorum Ac in omnibus locis in Regno nostri Polonie ubilibet existentibus
446 2962 2163 3076 querendi indagandi scrutandi laborandi fodendi et apperiendi ac ad
447 3025 2220 3173 nostram Regnique nostri predicti et ipsorum utilitate educendi ad debitamque
