2597 3500
276 224 2190 337 trahere cittare judicare decidere quovismodo vel sentenciare nisi tunc dum
285 292 2140 391 a nobis litteratoriam habueritis vel alter unum habuerit commissionem et auctoritatem
276 363 2221 461 nulla presumatis vel debeatis racione Si autem aliquispiam de altero illorum
270 422 2203 526 vel omnibus se senserit gravatum quoquomodo vel lesum et aliquid accionis
276 478 2137 604 competere sibi cum eisdem agnoverit de illa non nisi coram nostra mayestate
259 529 2185 659 jure experiatur aut coram eo cui talia commiserimus discernenda Conservamus
291 605 2139 723 insuper predictos hujusmodi viros montanistas sociosque eorum in omnibus
258 663 2169 786 ritibus modis condicionibus et consvetudinibus quibus alii moncium que
279 732 2159 868 stores et fossores metallorum in ceteris Regnis dominiis et terris
282 789 2145 904 uti frui et gaudere soliti sunt et consveverunt nostris nihilominus juribus
240 864 2144 976 Regalibus et cujusuispiam per omnia salvis remanentibus et inte
261 931 2117 1035 gris quibuscunque harum quibus Sigillum nostrum presentibus est subappensum
287 987 2182 1096 testimonio litterarum Datum Cracovie die dominico in Ramis Palmarum Anno Domini
277 1062 821 1151 Millesimo quadringentesimo quinquagesimo Sexto
1429 1139 2149 1244 Relacio venerabilis Johannis Luthkonis
1473 1229 2150 1314 de Brzesze utriusque juri doctoris
1496 1296 2145 1370 Regni Polonie vicecancellarii
