2625 3500
398 224 2292 355 formam et perfectam dirigendi et redigendi plenam damus et omnimodam tenore
428 318 2280 406 presencium concedimus facultatem Sub hiis tamen modis condiconibus consvetudinibus
410 382 2291 469 universis quales in aliis Regnis Hungarie Bohemie et aliorum terrarum
407 441 2282 530 seu parcium montibus circa hujusmodi minerarum et metallorum opera et labores
396 507 2278 598 observari solite sunt et teneri Quocirca vobis Capitaneis procuratoribus tenutariis Bur
388 559 2292 657 grabiis et quibuscunque officialibus et subditis nostris eorumque vicesgerentibus
374 635 2261 724 universisque Nobilibus Regnicolis et terrigenis per et infra Regnum nostrum
405 692 2280 795 predictum Polonie ubilibet constitutis presentibus requirendo firmis nostris damus
397 752 2292 845 regalibus in mandatis qualis prefatos Stanslaum Dominicum et Paulum sociosque
404 819 2309 915 ipsorum si quos receperint vel admiserint ut prefertur in querendes hujusmodi
408 884 2286 982 mineris et thezauris tam in montibus quam in campis planis Silvis fluviis
375 942 2362 1034 villis et aliis quibuscunque locis ubi talia inveniri indagari scrutari
401 1009 2247 1100 et reperiri poterint impedire conturbari inquietare aut molestare
383 1066 2367 1169 nulla presumatis racione sed ipsos in dictis montibus silvis fluviis villis
390 1125 2321 1224 et locis omnibus ut prefature mineras hujusmodi et metalla cujuscunque
376 1198 2351 1292 generis existant que fortuna et bona ordine inveniri poterint fodere
402 1267 2318 1358 et labores opportunos facere et sine quovis impedimento permittatis
390 1321 2360 1423 et permitti faciatis et ubi vocem fuerit ipsos ab insultibus quorumlibet
390 1395 2330 1483 emulorum protegatis tueamini et defendatis preterea volentes memoratos
383 1459 2416 1563 viros Stanislaum Dominicum et Paulum eorumque socios montanistas ad inquisicionem
398 1517 2303 1617 hujusmodi minerarum sive metallorum reddere studiosiores et prompciores
396 1572 2391 1673 ad impendendum pecunias suas efficere ipsis hanc tenore presencium concedimus damus
390 1643 2322 1749 donamus largimur prerogativam et libertatem ut quamcito ipsi fortuna eis
405 1704 2387 1810 arridens ad aliqua genera metallorum qualiacunque fuerint pervenerit Extunc
383 1770 2336 1875 infra spacium unius Anni non tenebuntur nobis aut nostris officialibus
390 1831 2355 1926 de aliquibus proventibus censibus et fructibus qui racione hujusmodi minerarum et
385 1897 2393 2000 metallorum ad nos quemlibet spectare deberent vel pertinere neque teneantur
405 1962 2339 2057 respondere Sed ab eis penitus sint liberi et absoluti lapso vero unius anni
410 2017 2309 2128 spacio ut supre sit moncium predicti montaniste nostri cum socciis ipsorum partem
396 2073 2405 2200 hujusmodi minerarum seu metallorum tempore debito et solito juxta consvetudinem
413 2149 2307 2250 et ritum aliorum moncium in Regnis aliis existencium nobis et nostris
398 2215 2324 2323 successoribus persolvere tenebuntur debebunt et presentibus sint astricti Ceterum
407 2276 2325 2394 in undis torrentibus fluviis et fluminibus ubicumque juxta ipsorum montana
410 2353 2319 2471 fuerut ad usus eorum duntaxat et non ad vendendum pisces capere seu piscari
408 2406 2290 2535 et in nemoribus Silvis borris tam nostris quam Nobilium et Spiritualium similiter eorum
411 2472 2345 2585 montanis proximis et adjacentibus feras omnes venandi et aves aucupandi
405 2535 2387 2662 plenam tenore presencium habeant facultatem Porro cupientes ut ipsi montaniste
415 2604 2336 2725 tanto ad exercendos labores et querendos hujusmodi thezauros subterraneos
390 2661 2348 2791 prompcius insistant quanto se per nos senserint esse firmatos et robo
413 2733 2322 2850 ratos vobis omnibus et singulis Regni nostri palatinis Castellanis Capitaneis ju
414 2814 2295 2910 dicibus Subjudicibus Succamerariis Ceterisque dignitariis et officialibus
387 2859 2306 2979 Regni nostri predicti presentibus inhibemus et mandamus districte precipientes
417 2930 2304 3043 omnino habere volentes Ne quispiam vestrum audeat prefatos montanistas
406 3013 2314 3111 sociosque familiares et laboratores eorum pro causis omnibus occasione laborum
412 3071 2309 3218 moncium contractis contingentibus et occurrendis ad instanciam quarumcunque personarum
