1838 2403
341 205 1025 264 IOANNIS CANTII.
95 275 972 326 Et genus hominu~, qua seua morte redemit
103 341 973 393 Vt comes esse queat tellurem pressit & ille
98 408 944 458 Et quibus hic esse fessus poterat releuare
108 475 1028 523 Qua~uis iussus erat, spernit attentare caballos
100 538 1047 587 Atqʒ humeris pondus proprijs imponit iturus
94 602 883 651 Ne via facilior meritis vt gratia maior.
93 666 1081 720 ¶ Nec sat erat primum sacra tangere littora terrę
93 732 906 783 Sed postꝗ~~ redijt subit altera cura salutis
103 798 1041 848 Vrbe etenim Roma quę nunc sua moenia late
106 860 970 911 Terris attollit quater astitit, atqʒ per omnes
98 927 956 975 Aedes sanctoRꝝ cucurit pro quibus ad ima
88 992 960 1042 Sic ijt & redijt macerat sic membra labore.
101 1058 1059 1106 ¶ Qui fuerant habitus vestes quo vellere texte?
87 1122 1072 1171 Non tulit hic Tyrios pannos nec murice tinctos
104 1188 1043 1236 Tegmina sed grossa lana quoqʒ simplice tonso
95 1251 887 1297 Emacerata tegit seu corpora linea filla
88 1314 1024 1362 Nocte vigil textor non tendit quo tegat illum.
93 1378 1045 1428 ¶ Fessa ministerijs duris dum corpora mulcet
93 1447 976 1493 Aut cubat in unda tellure aut hispida pellis
103 1509 959 1559 Tarda suo cursu quam fert Iunonia pellex
98 1571 1008 1622 Tempore ꝗ~~pauco dulcem facit esse saporem
93 1635 997 1686 Ergo pater coali Christus dux rector olympi
94 1702 976 1751 Dum sua perpetua conclusit lumina nocte
96 1769 1001 1818 Collocat hunc coeli solio, regnumqʒ perenne
100 1835 978 1888 Donat pro meritis, & ne gloria sua terris
97 1901 961 1951 Depereat, signis fulgentibus ecce decorat.
103 1967 1186 2026 ¶ Cędunt languores, cędunt mala noxia morbi
115 2034 1197 2092 Quos oculis plures damnauerat ipsa caligo
1333 677 1587 711 Rome quaru=
1337 720 1555 754 plex visitatio
1336 1069 1550 1107 Habitus de=
1344 1116 1468 1150 scriptio
1334 1381 1540 1415 Dormitis in
1345 1423 1423 1456 terra
1345 1637 1593 1679 Primu~ eius co=
1350 1681 1537 1720 piosum post
1342 1727 1449 1763 mortem
1346 1961 1589 2001 Languidi ꝑ eiꝰ
1344 2005 1581 2044 merita sanant^.
