2916 3742
805 1132 2709 1237 Kazimirus Dei gratia Rex Polonie Magnus dux Lithwanie heres Russie
822 1206 2691 1304 Significamus tenore presencium quibus expedit universis et recognoscimus tam pro
830 1275 2661 1366 nobis quam heredibus nostris et successoribus nostris qualiter volentes ut illustrissime
858 1347 2633 1420 principis domine Elizabet Regine Polonie nate condam serenissimi
839 1399 2702 1486 principis domini Alberti Romanorum Hungarie Boemie Regis ducis Au
849 1467 2589 1535 strie atque consortis nostre carissime fratris quem pari sollicitudine
846 1529 2594 1588 cum proprio computamus debito dirigatur ordine morte quoque nostra secuta
858 1586 2672 1657 possit esse pacificus tranquillus et quietus et ipsa domina Elizabet Regina
839 1637 2657 1711 quemadmodum sua requirit condicio omnium rerum pro deducendo suo statu
831 1695 2663 1779 habundet affluencia et ubertate cum ad procurandum stabilimentum status
828 1749 2675 1830 sui non solum nos caritas et amor coniugalis quibus nos divina gratia
837 1810 2724 1892 composuit invitet Sed eciam centum millium florenorum hungaricalium summa
838 1870 2728 1933 quam a Serenissimo principe domino Ladislao Dei gratia Hungarie Bohem
849 1932 2727 2011 mie Rege duce Austrie et Marchione Moravie eiusdem domine Eliza
834 1985 2701 2044 beth Regine consortis nostro germano fatemur pro iusta et vera dothe
833 2042 2703 2093 a die Sct̄e purificacionis Sactee Marie ad terminum annorum decursum per
840 2099 2760 2153 certi tenoris litteras repromissam accipere nos asstringat et obliget Et pro
821 2144 2687 2203 inde ipsi domine Elizabet Regine pro vera et legitima dote centum
824 2159 2782 2268 millium florenorum per nos recipienda alia centum millia florenorum hungaricalium
816 2232 2638 2315 ratione dotalicii seu donacionis nupcialis donamus conferimus et largimur
