2625 3500
240 459 1871 598 censibus reditibus proventibus et aliis usu fructibus qui modo ibi sunt
246 517 1887 637 et disponi poterint quomodolibet in futurum providencia ipsius Civitatis mediante
246 566 1859 682 libere per dictos Opidanos de Nova Nyeschova titulo perpetuo habendas
237 630 1896 737 tenendas et possidendas dempto uno manso cum prato qui per prius
231 682 1856 768 ad predium nostrum ibidem pro tunc in villa Roskydalino colebatur et
236 726 1890 834 spectabat pro advocato in Nova Nyeschova ibidem emansurando reser
248 783 1868 876 vavimus Quamquidem Civitatem Nova Nyeschova tam villis superius
242 842 1874 932 expressis et eidem coadjunctis cum libertatibus juribus prerogativis im
236 895 1848 987 munitatibus et privilegiis sub modis et posicionibus et condicionibus
242 940 1888 1037 inferius designatis et regulatis quas eidem presentibus damus tribuimus conferimus
243 1002 1869 1088 et largimur dicti Cives et Incole tenebunt habebunt et possidebunt
230 1058 1871 1144 in contentacionem et conpensacionem dicti Opidi et loci Nova Nyeschova de quo
226 1106 1871 1201 ipsos transtulimus Preterea eximimus et libertamus dictos Incolas nostros
230 1160 1845 1252 de Nova Nyeschova ab omnibus et singulis exaccionibus contribucionibus
230 1206 1881 1316 daciis pensis angariis preangariis laboribus vecturis equitaturis pod
218 1266 1872 1364 vodis et stacionibus nostris et nostrorum successorum infra hinc ad triginta
236 1308 1887 1415 annorum decursum sese immediate sequencium quibus expiratis et defluxis
222 1367 1906 1471 volumus ut predicti Cives et Incole se cum aliis Civitatibus et Opidis
223 1416 1871 1520 Regni nostri conforment Eciam damus et omnimodam facultatem tribuiumus
216 1470 1853 1579 predicti Civitati nostre duo laterificia libera cum tribus fornacibus
227 1519 1868 1643 pro exuscione et cremacione laterum et aliorum necessariorum et conservatorium
213 1584 1876 1686 Cimenti sine prejudicio alicujus facere et edificare Insuper damus et perpetue
225 1650 1859 1743 inscribimus eidem Civitati omnes cameras institarum panni sutorum
222 1699 1848 1806 pellificum pannirasorium penesticarum et quarumlibet rerum venalium in
234 1750 1851 1850 et super circumquaque pretorium erectas et imposterum erigendas unacum
231 1796 1853 1911 libri pensatoriis omnium rerum et materiarum necnon celariis sub eodem
231 1858 1874 1981 pretorio Civitatis habitis vel habendis de quibus omnibus census et proventus
246 1919 1920 2029 quoslibet ipsa Civitas totaliter precipiet pro usu suo levabit Cameris
249 1988 1840 2082 pannicidarum Carnificum cum omni jure duntaxat pro nobis et
253 2032 1856 2129 nostris successoribus reservatis alia autem omnia quecunque in eisdem ca
248 2091 1818 2183 meris vel aliis premissis dicta Civitas excogitare poterit ad usum
237 2148 1856 2248 suum in presenti et in futuro liberam habeat facultatem eadem regendi
254 2194 1875 2286 et disponendi Item Voluimus in dicta Civitate teneri et perpetue obser
261 2251 1910 2338 vari quod nullus hominum cujuscunque status condicionis et eminencie existat
234 2310 1904 2394 volens habere mansionem in eadem frumenta cujuslibet grani et omnis generis
257 2367 1844 2450 mercancias supra et infra fluminis Vysla et ibidem in Civitate
272 2412 1896 2507 more mercatorum negociari audeat vel exercere nisi sit jure Civi
260 2466 1886 2552 li ipsius Civitatis fulcitus Quibus tunc licitum erit hujusmodi mercan
272 2516 1904 2610 cias et negociaciones tam per terram quam d per descensum quam ascensum
276 2568 1904 2670 aque cum navibus et Scaphonibus libere sine quovis dicte Civitatis
250 2613 1935 2717 Thorunensis impedimento more et ad instar aliarum Civitatum et personarum
261 2674 1933 2780 Regni nostri fluitare exercere et peragere libertatibus nostris et juribus cuipiam
279 2728 1912 2833 concessis aut concedendis in omnibus semper salvis Item nulli nostrorum
276 2782 1939 2887 officialium liceat quorumlibet preterquam dicte Civitati omnes causis et articulos
269 2833 1892 2933 in Navibus alias w szkuthach contingentes que ducuntur Vodne pravo
259 2905 1908 2991 judicare discernere et sentenciare justicia mediante penasque exinde
268 2955 1857 3056 sequentes et que juris sunt in talibus alia omnia percipere et habere
