2597 3500
830 531 1777 665 Privilegium super Nowa Niesszowa
264 323 2222 1209 In nomine Domini Amen Sagax Regum et Principum alti Consilii dispo
628 762 2269 846 suit providencia ut actus et gesta hominum ne temporis successu evanescant
627 821 2259 899 litterarum apicibus et testium annotacione ac sigilli munimine solidendentur et perhennen
609 869 2224 947 tur Ad perpetuam igitur rei memoriam Nos Kazimirus Dei gracia Rex Polonie
593 915 2214 1001 Necnon Cracovie Sandomirie Siradie Lancicie Cuyavie magnus dux
602 973 2234 1056 Lithvanie Russie Prussieque necnon Culmensis Elbingensis Konigsbergensis
608 1030 2198 1119 et Pomeranie Terrarum heres et dominus Significamus tenore presencium quibus
626 1068 2248 1158 expedit universis presentibus et futuris harum noticiam habituris Postquam divina
620 1121 2264 1213 nobis propiciante clemencia Terrarum nostrarum Prussie et Pomeranie per tiran
614 1175 2202 1261 nidem multo tempore occupatarum reassumipsimus gubernacula Illasque in
627 1228 2262 1320 corpus Regni nostri Polonie a quo exciderant invisceravimus et reintegravimus
596 1279 2249 1366 Opidum nostrum Nova Nyeschova appellatum famose Civitati nostre Thoru
618 1336 2241 1420 nensi finitimum et confor confrontanenum summovimus dissolvimus et demolivimus
615 1375 2283 1476 in favorem amplitudinem et accomodum ipsius Civitatis nostre Thorunensis
609 1421 2264 1524 Necnon perhennem ut relinquamus memoriam de secunda et felici memo
608 1481 2243 1578 ratarum Terrarum Prussie rehabicione Cupientes quippe et desideriosissime
612 1553 2278 1625 anhelantes dictorum Opidanorum et Incolarum de Nova Nyeschova statum
623 1599 2249 1685 condicionem et Incolatum efficere uberiorem Illosque singulari favoris
593 1648 2218 1741 gracie prerogativa amplecti et reddere consolatos ut munificencia et
615 1702 2232 1793 benignitate Regia refecti in fidei constancia et promptitudine servi
614 1756 2270 1843 ciorum nobis et successoribus nostris tanto fervencius obsequendi inardescant
609 1808 2275 1899 de certa nostra sciencia et voluntate Consilio nostrorum Consiliariorum
618 1872 2223 1949 ad id accedente villam nostram cum Opido predio Roskydalino dictam
620 1919 2217 2008 in Terram Cuyavie et rippa fluvii Vysla sitam consensu pariter
618 1974 2255 2062 et assensu Magnifici Nicolai de Cosczelyecz palatini Brzestensis et Capitanei
603 2032 2207 2123 Dobrinensis ejusdem ville in certis pecuniarum summiis sibi inscriptis
595 2094 2231 2167 Tenutarii in Civitatem pari vocabulo et Nomine Nova Nyeschova
605 2145 2224 2227 vocitandam et appellandam transtulimus ereximus et transposuimus
611 2194 2191 2277 tenoreque presencium mediante transferimus instauramus constituimus
606 2253 2233 2337 et transsumimus ad Castrum nostrum Bobrownyky a modo et deinceps
599 2306 2190 2393 spectandam et pertinendam per dictos Opidanos et indigenas
603 2364 2330 2443 de Nyeschova predicta et alios homines qui ad ipsam Civitatem Nova
602 2416 2241 2499 Nyeschova de sciencia et voluntate ceterorum concivium confluxerint
605 2474 2287 2563 temporibus perpetuis inhabitandam incolendam et immorandam adjungentes
605 2519 2201 2611 et attribuentes in sortem proprietatem et ambitum eidem Civitati nostre
592 2586 2234 2670 Nova Nyeschova villam nostram przepust dictam de consensu ratihabicione
605 2641 2180 2712 et voluntate Generosi Nicolai de Brudzevo Castellani Brzestensis Eandem
601 2689 2265 2776 villam in certa pecuniaria summa sibi demonstrata ad tenutam Brzestensem
620 2746 2208 2827 tenentis et possidentis et villam Dymcze de annuicione Sanctimonialium
599 2808 2186 2890 Cenobii Plocensis eidem Civitati Nova Nyeschova contiguas et coadja
620 2859 2240 2948 centes cum earundem universis et singulis jure agris pratis graminetis
602 2913 2192 3019 pascuis borris rubetis silvis aquis torrentibus piscinis hominibus
