2625 3500
219 532 1809 617 dicta Civitate Nova Nyeschova constituimus imponimus et indicimus
215 585 1837 677 presencium per tenorem dantes et concedentes plenam et omnimodam faculta
237 639 1839 719 tem omnibus et singulis hominibus et personis cujuscumque status condi
224 684 1785 773 cionis fuerint cum quibuscunque rebus bonis et mercanciis ad
227 739 1809 831 hujusmodi nundinas et fora veniendi ibique vendendi et emendi perpetuis
225 795 1861 876 temporibus Et ut dicta Civitas Nova Nyeschova hominum multitu
219 855 1856 935 dine habundet et populetur ipsam circa omnia jura modos et con
218 907 1819 1003 svetudines in universis sentenciis clausulis condicionibus et articulis
228 957 1900 1037 quibus dicta Civitas nostra Thorunensis potitur et letatur jure Civili
207 1015 1866 1097 Culmensi voluimus conservare et eisdem Incolis quecumque ipsius Civitatis
227 1070 1842 1159 comodum et utulitatem ex juribus et consvetudine Civitatis Tho
213 1126 1830 1205 runensis ampliare et redolere videbuntur utifrui et gaudere perpetue con
227 1179 1851 1268 cedimus et largimur Eoque modo ordine et posicione quemadmodum et Serenissi
220 1235 1826 1321 mi Genitoris nostri carissimi domini Wladislai felicis recordii Regis
219 1288 1866 1385 Polonie littere privilegiales per prius Opido Nyeschova sic destruc
227 1340 1825 1431 to et deposito date et largite exprimunt continent et informant ad
229 1393 1839 1484 quas Incolas prefatos Nove Nyeschowa referimus necnon et cum
230 1442 1859 1532 omnibus observatis consvetudinibus et laudabili more tam de dispo
227 1511 1869 1610 nendo et ordinando magistro scolarum et balneo ac surrogato advocati
225 1564 1837 1663 alias Lanthfoyth Civili tam de penis contingentibus per Consules
234 1621 1869 1713 dicte Civitatis decernendis et in ipsa Civitate Nova Nyeschova
224 1687 1847 1759 habendis tenendis et observandis Tali modo et condicione quemad
226 1737 1894 1833 modum in priori Nyeschova approbate tenebantur et practicabantur
236 1792 1868 1884 quos in dicta Nova Nyeschova decernimus et interpretamur obser
238 1849 1863 1951 vandum fruendum tenendum et pociendum In super volumus decernimus et dictos
231 1900 1846 2006 Incolas de Nova Nyeschova reddimus astrictos ut singulis annis
257 1957 1858 2069 temporibus perpetuis viginti marcas quadraginta et octo grossos
247 2021 1909 2119 in quamlibet marcam computando monete et numeri Polonicalium Sancti
251 2083 1834 2198 monialibus Cenobii Plocensis singulis annis dunptaxat et per
263 2126 1893 2251 annum dabunt solvent et effectualiter reponent Actum in Castro nostro
254 2190 1898 2319 Nyeschova feria quarta ante festum Translacionis Sancti Stanislai
254 2258 1802 2357 Anno Domini millesimo quadringentesimo sexagesimo presentibus
255 2319 1847 2422 Reverendo in Christo patre domino Johanne Episcopo Wladislao Regni Polonie
245 2376 1905 2481 Cancellario Necnon Magnificis et Generosis Derslao de Rythwyani
268 2437 1813 2545 Sandomiriensi Nicolao prefato de Cosczelyecz Brzestensi Johanne
279 2492 1884 2608 de eadem Cosczelecz Juniwladislaviensi palatinis et in Castro nostro Ma
278 2545 1776 2663 riamborg et in Nyeschova Capitaneo Andrea de Crethkow
267 2599 1827 2725 Brzestensi Jacobo Dambyensky Malagostiensi et pincerne nostro
272 2668 1878 2793 Przeczslao de Pothulicze Rogozinensi Castellanis Petro Donyn
284 2715 1883 2856 de Prawkovicze Curie nostre Marsalco et Johanne Strzalkowsky
290 2775 1843 2922 supremo cubiculario nostro aliisque testibus fidedignis circa premissa
257 2848 1854 2962 Datum per manus ejusdem Reverendi patris domini Johannis Episcopi
283 2908 1896 3014 Wladislaviensis et Cancellarii Necnon Venerabilis et Egregii Johannis
