2597 3500
603 517 2237 612 Eciam dedimus et indulsimus perpetue in et super muris turribus et in
626 583 2228 670 portis ejusdem Civitatis circumferencialiter circumferencialiter omnibus pro inco
624 625 2201 706 latu hominum aut Civitatis servitorum ac alia necessitate quecunque
633 684 2222 762 eedem Civitati fuerit utilior pro censu et aliis opportunis domorum
639 732 2222 808 habitacula et carceralem custodiam pro conservacione captivorum con
630 780 2261 862 struenda et successu felici temporis libere secundum industriam reparanda
600 831 2207 921 Ceterum liceat dicte Civitati intra ipsius limites circumferencialiter in
624 888 2225 973 omnibus locis vineas humuletos ortos piscinulas prata pomeria et
632 936 2204 1030 quascunque utilitates et proventus ingenio et impensa exquisitis et
639 985 2205 1089 instructis pro usu suo disponere erigere et fundare pascuaque libera
636 1031 2210 1128 obtinere Ut autem ipsa Civitas Nova Nyeschova et ejusdem Incole
636 1101 2223 1184 tanto majori graciarum nostrarum prerogativa se senciant preventos Omnes
624 1146 2241 1236 et singulos Cives et Incolas prefatos ab omnibus et singulis solucionibus
625 1203 2194 1281 daciis et exaccionibus Theloneorum pontalium et a quibuscunque rebus
621 1256 2228 1336 mercanciis et bonis cujuscunque generis et extimacionis fuerint tam per
609 1301 2225 1392 Terram quam per aquam ubilibet in Regno nostro tociens quociens opportunum
620 1358 2212 1443 fuerit et necessarium eximimus excipimus liberamus et absolvimus tenore
618 1416 2244 1504 presencium mediante infra hinc et defluxum quadraginta annorum
613 1467 2211 1548 sese immediate sequencium quibus expirantibus decernimus et volumus
621 1522 2233 1600 ut ipsi Cives se ad instar aliorum Civitatensium et Opidanorum Regni
620 1575 2214 1660 nostri thelonea et pontalia solvencium conforment et ad solucionem astrin
594 1626 2186 1711 gantur Preterea constituimus et decernimus quod memorata Civitas et
617 1673 2202 1751 ejusdem inhabitatores Sal de Zuppis nostris Vyeliciensibus et Bochnensibus pro
613 1727 2256 1813 usu ipsorum vendicioneque propinacione afferant recipiant et cum eo disponant
615 1784 2284 1856 modo ordine et consvetudine quemadmodum in Civitate nostra Brzescze habetur
617 1831 2186 1920 tenetur et practicatur pro reparacione adornacione et edificacione ejusdem
605 1865 2251 1966 Civitatis nostre Nova Nyeschova donamus largimur indulgemus et licentiam
633 1936 2260 2011 impartimur ejusdem indigenis ligna et robora de silvis borris et nemo
624 1982 2243 2058 ribus nostris quibuscunque regalibus ad tenutam in Bobrowniky spectantibus
624 2032 2246 2114 et pertinentibus edificiis domibus structuris usu et foco ipsorum duntaxat et
611 2087 2241 2170 non ad vendendum aut donandum libere sine quovis impedimento tam per
620 2136 2223 2217 terram quam per aquam in Navibus propriis seu strugibus lignorum sine quavis
612 2189 2210 2267 solucione Navigiorum recipiendi s tollendi scindendi et educendi temporibus
613 2237 2211 2320 perpetuis et eviternis Insuper indulgemus damus et concedimus Incolis
624 2288 2193 2366 memoratis pisces prandendi et capiendi cum parvis rethibus
617 2328 2230 2414 hamis et aliis parvis instrumentis in fluvio nostro Vysla ad dictas
597 2372 2211 2456 Civitatem villam ac Castrum Bobrownyky spectante Insuper ut vie et
602 2426 2217 2523 strate ad memoratam Civitatem pateant damus et concedimus inha
617 2486 2158 2554 bitatoribus ejusdem Civitatis vias itinera actus et tramites per
618 2526 2197 2619 quecunque loca decencia et apta ad ipsam Civitatem ducendi ponendi
624 2579 2208 2661 et dirigendi Preterea admittimus indulgemus et condecimus dictis Incolis
620 2630 2216 2712 in omnibus silvis borris Insulis tenute Bobrowniky pascua et pabu
620 2681 2242 2774 lamenta pro depascendis et alendis eorundem pecoribus et pecudibus Porro
624 2730 2200 2825 cupientes ut tempore nostri felicis Regiminis dicta Civitas per mercato
633 2778 2202 2884 res forenses et advenas ipsam cum rebus bonis et mercanciis peten
632 2825 2210 2930 tibus et visitantibus valeat propensius amplificari ditari et incre
617 2869 2217 2989 mentari fora septimanalia in qualibet septimana feria quarta fora
617 2927 2229 3015 vero annualia sive nundinas bina vice quolibet anno una videlicet
624 2975 2156 3085 pro festo Divisionis Apostolorum et altera pro festu Sancte Hedvigis in
