2916 3742
350 271 2398 407 Cracoviensi Johanne de Thanczin Cracoviensi Luca de Gorka Poznaniensi capitaneo
380 394 2340 449 Maioris Majoris Polonie generali Johanne de Oleschnycza Sandomiriensi Stanislao de
389 465 2405 528 Ostrorog Kalischiensi, Nicolao Scharleysky de Stiborze Brestensi pallatinis
389 540 2361 597 Petro de Schamotuli Poznaniensi Predborio de Conyeczpole Sndomiriensi Sandomiriensi
389 613 2369 672 Derslao de Rtihwani Rospergensi castellanis et aliis quam pluribus fidedignis
410 690 2307 744 testibus ad premissa Datum per manus magnificorum Johannis de Conyeczpole
393 760 2322 816 Cancellarii cancellarii et capitanei Siradiensis et Petri de Szczekocini vicecancelarii
404 801 1253 955 Regni regni Polonie sincere nobis quod dilectorum
1491 891 2411 993 Ad relacionem eiusdem ejusdem magnifici Iohannis Johannis de
1491 993 2351 1051 Conyeczpole Regni regni Polonie cancelarii
