2916 3742
719 216 1835 397 Donacio littere advocacie Pisdrensi
699 318 2565 548 In nomine Domini Amen Ad rei memoriam sempiternam Ne error oblivionis
790 470 2558 567 gestis sub tempore versantibus imposterum pariat detrimentum alta regum
788 523 2518 632 et principum decreverunt consilia ea litterarum apicibus et fidedignorum
789 569 2605 702 testimonio perhennare Proinde nos Kazimirus Dei gracia rex Polonie necnon
781 631 2590 702 terrarum Cracowie Sandomirie Siradie Lancicie Cuyawie magnus dux
782 672 2551 756 Litwanie Pomeranie quoque dominus et heres Russie significamus tenore
723 715 2589 886 presencium quibus expedit universis presentibus et futuris presencium noticiam
764 766 2630 860 habituris quod cum per certos barones nostros Regni regni nostri consiliarios edocti
749 817 2586 913 sumus et ad plenum informati quomodo serenissimus princeps dominus Wladislaus
703 878 2653 1041 Polonie rex progenitor noster carissimus dive memorie aduc agens in humanis
745 917 2578 1025 suis patentibus litteris providum Johannem Hamerlin advocatum Pysdrensem ad
709 974 2590 1113 producendum iura jura advocacionalia cittaverat ad sue maiestatis majestatis presenciam Qui
754 1033 2700 1131 comparens tunc exposuit sibi eadem per ignis voraginem fuisse penitus consumpta
748 1068 2639 1174 et exusta Et ne in advocacia sua frustraretur Suam suam Serenitatem serenitatem instancius
755 1115 2552 1223 observabat ut Sua sua Serenitas serenitas sibi alias litteras super eandem advocaciam
738 1173 2665 1279 dare dignaretur Sua sua autem Serenitas serenitas nulli preiudicium prejudicium facere volens ymmo unum
764 1222 2655 1312 quemque prout dignum est iuxta juxta iusticiam justiciam et jura conservare cupiendo sibi litteras
749 1269 2618 1388 testimoniales a consulibus et civitate Pysdrensi sub iuramento juramento affirmare iussit jussit et
751 1319 2646 1416 mandavit de his de quibus hocipsum hoc ipsum ius jus exustum pro advocato canebat et
734 1373 2637 1473 ut iuxta juxta earum recognicionem privilegium denuo traderetur Quia go ergo advocatus
759 1418 2663 1518 cercior in se esse cupiens litteras pattentes testimoniales attulit juxta quarum teno
737 1467 2668 1602 rem quisvis progenitor noster carissimus ut accepimus litteras seu privilegia denuo iam jam
762 1510 2688 1627 tradidisset nisi eum mors divina permittente clemencia ab hac luce subtraxisset
703 1565 2631 1673 Nos itaque vestigia progenitoris nostri sequentes ad instantes peticiones nobis
698 1623 2637 1772 pro parte prefatͥi prefati Johannis Hamerlin porrectas ac ne ipsa civitas nostra Pisdri
757 1665 2649 1793 propter carenciam certi advocati in suo circumspeccione et dirreccione aliquod preiudicium prejudicium
704 1715 2668 1867 paciatur et ruinam et ut tempore nostri felicis regiminis salubria pocius capiat
744 1775 2676 1888 augmenta ipsis patentibus litteris civitatibus Pisdrensibus in testimonium progenitori
720 1824 2660 1921 nostro datis conspectis diligenterque revisis ac ad plenum intellectis premolliri juxta
726 1881 2639 1975 earum vim et tenorem et quas presentibus volumus duntaxat in his ad advo
752 1925 2631 2025 caciam in pysdri Pysdri pertinentibus habere proinsertis pro insertis prefato Johanni Hamerlin
665 1975 2643 2078 advocaciam in ipsa civitate nostra Pysdrensi cum infradescriptis infra descriptis et sue legittime
750 2018 2700 2139 posteritati damus donamus conferrimus et largimur graciose In qua ut ipse Johannes
764 2065 2692 2177 tanto uberius posset permanere sibi ad eandem quatuor laneos agrorum dimensu
747 2118 2726 2227 ratos inter agros civiles et quos iam jam effectualiter ipse Hamerlin possedit et possidet
752 2168 2669 2275 tenuit et tenet protendentes seu ad metas seu limites ipsorum cum omnibus pratis
722 2224 2672 2330 et collibus ad pretactos mansos pertinentibus quatuordecim ortos et sex prata
726 2278 2707 2391 quodlibet eorum seorsum alio cognomine vocatum primum Orlodamba aliud Wyelka
696 2326 2676 2446 Dambą sibi convicinum tercium Samosantka quartum Malądamka quintum Di
695 2377 2618 2490 sazinka et que in circumferenciis suis sunt ab antiquis temporibus radicitus
748 2422 2630 2537 extripata sextum pratum a fluvio usque ad agros predicti Hamerlin item
764 2477 2657 2612 fluvium Wartha qui procedit a fossato Dlusnensi cum suis rippis et lacum
712 2524 2705 2658 Zirochow ac omnes decursus ad id spectantes usque ad metas hereditatis Thar
690 2581 2642 2708 now cum quadam insula que mediat inter molendinum nostrum regale ab una et
737 2625 2652 2745 molendinum civitatis pretacte ab altera partibus in qua quidem insula predece
729 2678 2653 2828 ssores advocatie huiusmodi hujusmodi heredes habuerunt liberas piscaturas alias yazy
752 2727 2658 2862 dempto fluvio Staw nuccupato fluente per aggerem nostrum penes planum civile
723 2794 2664 2919 super molendinum civitatis usque ad pedem magni pontis et super eodem fluvio ad
661 2853 2660 2949 vocacionali molendinum propinquius ville Dlusko cum suis rippis et pastuis ad
697 2908 2658 2998 hocipsum hoc ipsum molendinum quomodolibet pertinentibus item lacum in rippa sua penes
727 2956 2612 3059 fluvium Warthą antiqui fluvii et lacum alium dictum Skrzinka item
756 3013 2656 3122 ſuper super fluvio quatuor pistatoribus piscatoribus et lacubus libere pro usu suo ac posterum
753 3058 2621 3217 suorum pistandi piscandi plenam damus et omnimodam concedimus facultatem Eciam
