4076 2854
616 332 1779 421 runt et invenerunt motum equalem cuiuslibet quinque planetarum. Illum. n.
601 404 1779 470 prius et ante omnia querebant quemadmodum quandam normam seu viam: mediante
615 455 1782 516 qua cetera singula inventuri erant. Sicut autem patuit in sole et in luna in ipsis
602 502 1785 569 planetis ex tempore revolutis. equalium etiam in motum equalem: tam in epiciclo
609 551 1784 616 quam in ecentrico devenerunt. Tempus autem revolutonum equalium comprehende
605 594 1785 662 bant multis prolixisque observatonibus: quas precedentes observatones sequen
605 648 1790 711 tibus relinquebant: ipsique sequentes errorem in aliquo commissum meliori
609 699 1784 756 capta experientia emendabant. quas quidem observatones astrorum accipiebant
602 748 1781 813 mediantibus instrumentis. Fuit itaque per ipsos observatores ordinatum
602 799 1774 860 et confectum quodam notabile instrumentum nomine armille. Cuius compositonem
602 841 1784 906 etiam Pto. ponit. d. 5. ca. primo. mediante quo poterant accipi vera loca
616 894 1784 957 planetarum et stellarum fixarum certissime tam secundum longitudinem quam secundum latitudi
604 944 1777 1003 nem. debebantque ipsi observatores et inspectores aspicere astra multum subti
609 987 1785 1051 liter doctrinalitet et sapienter ( sicut inquit Pto. ) advertentes super omnes
605 1043 1781 1103 causas a quibus error quispiam accidere posset: puta super medium super line
599 1092 1782 1151 as cadentes inter astrorum: que faciunt angulos apud centrum orbis si
599 1136 1774 1200 gnorum non secundum unam: sed secundum diversas habitudines propter varios modos de
602 1189 1782 1254 clinationum planetarum ab orbe signorum. Etiam super longitudinem: que apparet
599 1239 1771 1301 semper maior circa orizontem minor vero circa medium celi. Et sic de
597 1289 1777 1346 aliis causis. Tempus ergo istarum revolutonum equalium quidam volebant
604 1338 1774 1400 comprehendere per stationes: quidam vero per orbes planetarum quod mini
604 1388 1766 1452 me fieri potuit: sicut circa principium capituli dictum est dumtaxat ergo per
602 1433 1784 1501 stellas fixas: que non mutant notabiliter situm in multo tempore dicte re
596 1487 1768 1550 volutiones poterant certitudinaliter comprehendi.s.aspiciendo loca pla
599 1533 1777 1596 netarum mediante dicto instrumento in ordine ad aliquam stellarum fixarum
596 1582 1771 1648 notarum: per quam cognoscebant locum verum planete: dum cedebant cum
597 1628 1769 1691 ipsa in eundem circulum transeuntem per polos zodiaci ad centrum stelle. Sic
604 1679 1769 1742 itaque accipientes verum locum planete observabant totum tempus: infra
591 1726 1774 1791 quod dictus planeta contineret omnes revolutones et epicicli et ecentri
ci equales revertendo se ad similem situm. Demum gradus omnes in illis
589 1826 1777 1889 revolutionibus contentos diviserunt per illud totum tempus equalium revo
604 1872 1781 1939 lutionum et in quotiente invenerunt motum equalem quantus sit infra diem
596 1929 1777 1985 naturalem: eumque in tabulis callacaverunt. et Pto. d.9.c.ʒ. ponit istas re
609 1974 1768 2034 volutones equales et tempora: in quibus fiunt: nam in Saturno. 57. revo
605 2021 1769 2088 lutiones epicicli completum in annis solaribus. 59. die una. et. 18 horis. centri
596 2067 1769 2134 vero epicicli due revolutiones unus gradus. 43.minuta. in eodem tempore complentur.
593 2121 1779 2208 In Iove vero infra. 71. minus. 4 diebus. 21. hor. et. 34. minutis fere com
2225 340 3406 423 plentur. In Iove vero infra annos. 71. minus. 4. diebus. 21. hor.et 36. minutis. fere
2237 409 3403 472 complentur revolutones epicicli. 65. centri vero seu ecentrici sex revolutones
2234 459 3406 524 minus. 4 gradibus et. 50 minutis. In marte iterum in annis. 79. tribus die
2236 507 3398 572 bus. 5. hor. et. 12 minutis fere. 37. reversiones in epiciclo. in ecentrico. 42.
2229 559 3409 621 revolutiones cum tribus gradibus et. 10. minutis. et inquit ibidem Pto. ubi
2229 608 3401 669 supra in stellis. n. tribus quas consequitur sol est numerus revolutionum: quas
2233 656 3398 716 revolvit sol in tempore reditionis: que est cuiusque earum situ numerus revolu
2226 699 3398 762 tionum stellarum in longitudine et diversitate coniunctus simul: idest revolu
2233 748 3406 818 tiones planete in epiciclo et revolutones in ecentrico: seu in zodiaco: si
2226 803 3401 865 iungantur simul constituunt revolutiones solares: infra quas continen
2221 849 3394 911 tur. Ex inde ergo concluditur medium motum planete: quem habet in epiciclo.
2223 908 3400 965 et quem habet in zodiaco eis simul iunctis esse equalem medio motui so
2225 946 3394 1009 lis. Ideo uno illorum habito atque de medio motu solis sublato reliquus
2228 995 3401 1060 restat: ut etiam dicit littera inferius: et hoc quo a tres superiores. Quo vero ad
2234 1046 3400 1109 duos inferiores inquit Pto. que in annis solaribus octo demptis duobus
2236 1089 3390 1160 diebus. 7. hor. et. 12. minutis revolutiones veneris in epiciclo complentur
2233 1144 3401 1212 quinque. In zodiaco vero octo minus duobus gradibus et. 15 minutis. In
2221 1193 3401 1263 Mercurio vero reversiones in epiciclo. 145. complentur et perficiuntur in. 46.
2228 1241 3398 1309 annis solaribus et in die uno et duobus minutis fere cum equali numero
2217 1295 3395 1360 revolutionum in zodiaco annorum solarium et exinde iterum patet eundem esse me
2229 1342 3395 1403 dium motum solis Veneris et Mercurii. istis ergo reversionibus habititis
2229 1390 3395 1455 et temporibus: quibus fiunt motus medii cuiusque planetarum venatus est
2234 1439 3398 1501 modo iam expresso. tempus autem unius reversionis in epiciclo quod est tempus a media
2233 1484 3403 1555 coniunctione eorum cum sole ad sequentem secundum Alfonsum. et Blanchinum
2226 1533 3400 1604 ponitur hic in unoquoque. In saturno. 378. dies et. 2. hor. 12. mi. in Iove
2234 1585 3390 1653 398. dies. 21. hor. 12. mi. In Marte 779. dies. 22. hor. 23. minuta. per
2225 1628 3394 1696 hoc tempus revolutis. si diversis. 360. gradus extrahes medium motum quem
2220 1677 3403 1750 habet planeta in epiciclo infra diem naturalem. Ex illo subtracto de medio
2226 1731 3403 1798 motu solis: quem habet in uno die restabit motus medius planete in zodia
2220 1785 2746 1847 co secundum auctores eosdem etc.
2227 1848 2991 1935 hinc videtur accidere.
2995 1820 3397 1904 Istud Cor. sequitur ex prece
2221 1831 3403 1943 dentibus. Revolutio etiam
2228 1920 3401 1993 velocior aut tardior cuiuslibet in epiciclo potest patere ex motu: quem
2225 1970 3394 2048 habet planeta in suo epiciclo: nam si motus in epiciclo unius diei naturalis
maior fuerit quam motus in zodiaco. et econverso. et illius planete. cuius mo
2226 2075 3400 2151 tus in epiciclo fuerit maior respectu alterius velociorem revolutionem
2221 2119 2900 2210 eius sequitur esse. Similiter in zodiaco.
