2805 3688
1166 147 2299 301 Absolucio Theloneii pro Civitate Wylnensi
500 119 2600 527 Kazimirus Dei gracia Rex Polonie magnus dux Lithuanie et Russie etc
563 436 2532 570 Significamus quibus expedit universis Quomodo ex innata nobis clemencia et
652 498 2613 603 affetum quem ad civitatem nostram Wylno et Cives ac Incolas gre gerimus
643 557 2547 671 speciale Ipsos Cives Vylnenses videlicet tam Ecclesie Romane cultores
697 619 2669 725 quam etiam Ruthenos per totum Regnum nostrum Polonie a solucione Thelonei
690 674 2613 783 presentibus eximimus et liberamus Idcirco vobis omnibus palatinis Castellanis
653 733 2626 862 Capitaneis Burgrabiis Terrigenis Consulibus Civitatum opidorum comunitatibus eorum
644 825 2498 908 Rectoribus et vices ipsorum gerentibus Theloneatoribus viarum custodibus ac
654 866 2538 978 arrestatoribus ceterumque officialibus per predictum Regnum nostrum ubilibet
656 925 2583 1052 constitutis presentibus requirentes mandamus discrecius precipientes Quatinus prefatos
641 993 2486 1106 Cives Vylnenses per totum Regnum Polonie ut premittitur ire
612 1054 2556 1158 stare morari mercancias exercere quocienscunque oportunum fuerit libere et
651 1106 2528 1235 secure tam per aquam quam per Terram absque Exacione et solucione
591 1197 2500 1291 Thelonei omni impedimento remoto permittatis et permitti faciatis
624 1248 2533 1350 presentibus ad nostram voluntatem solomodo duraturis Secus non facturi
636 1302 2601 1423 gracie nostre sub optentu harum quibus nostrum sigillum presentibus est appensum
581 1378 2520 1487 Datum Sandomirie feria Qua Quarta proxima post festum Sancti
693 1436 2510 1599 Barnabe Apostoli gloriosi Anno Domini Millesimo quadringentesimo quadragesimo octavo
1491 1550 2499 1688 Ad Relacionem Magnifici Johanis de
1737 1684 2508 1903 Conyeczpolye Regni Polonie Cancellarii
