4076 2854
623 361 1180 37 nos tabulariorum. et hoc quod dicit super diametro mundi inter secat intellige

641 411 1165 37 ducendo diametrum mundi per caput et caudam draconis et non alias. Quod est

639 459 1160 38 dicit illa intersectio: a qua centrum epicicli incipit ire versus aquilonem

629 509 1170 36 vocatur caput. Mente sic vocatur ex quo. n. ab. eo puncto incipit ascendere: et

635 557 1167 36 motus ascensus nobilior est quam descensus immo talis punctus nobilioris mem

629 606 1173 35 bri nomen assummitur quemadmodum est ille punctus ponit initium zodiaci: in

635 654 1167 35 quo se zodiacus cum equinoctiali secant et quo tandem sol versus nos ascendere

639 703 1154 37 incipit. reliqua tandem intersectio cauda dicitur propter hoc: que ab ea centrum

635 751 1173 37 epicicli discedat et immo etiam illa dicitur fortuna: ista vero infortuna. pars

632 798 1177 42 etiam ecentrici intermedia dicitur venter inter caput et caudam: alia omnia

639 849 510 39 in littera posita plana sunt. etc.

963 944 413 43 De tribus superioribus.

680 1051 166 133 t

893 1044 915 39 Heorica trium superiorum similiter sicut precedentium

891 1095 903 35 in tres dividitur partes In prima ponitur numerus orbium

884 1143 913 37 partialium et dispositionum eorundem. In secunda tractatur

893 1190 903 39 de motu cuiuslibet ibi orbes aiunt. In tertia exponuntur

633 1239 1167 38 termini ibi aux planetarum: in vera significatione. Notandum: que ille suppositio

624 1290 1182 37 nes tres: que sunt adducte in principio circa lunam etiam hic adduci possunt

633 1338 1167 38 habent. n. veritatem in stellis quinque erraticis propter motum earum diversum: tam

630 1386 1170 38 veram longitudinem: quam veram latitudinem dicte est suppositiones sufficienter

623 1437 1180 37 includuntur in hac sola. quinque stellas erraticas duas diversitates in magni

629 1486 1174 37 tudine et temporibus reditionum inequales: alteram propter solem alteram

629 1534 1177 40 propter partes orbis signorum habere. et hec patent per Pto. d. 9. c. secun

639 1584 1167 37 do ubi inquit. Inquisitionum vero diversitatum ingreditur ex dubi

626 1633 1170 37 tatione non parum: propterea quod videntur cuiusque stellarum due

623 1683 1174 35 diversitates: que non sunt equales: neque in magnitudine neque in par

630 1731 1167 37 tibus reditionum: quarum una videtur propter solem et altera propter

623 1780 1183 36 partes orbis signorum et cum coniunxerimus eas ambas: erit semper pro

624 1830 1173 35 prietas cuiuscunque eorum propter illud difficilis cognitionis. hec ille.

630 1878 1167 37 In istis verbis Pto. vult quomodo quinque stelle erratice seu planete

629 1926 1168 37 habent diversum motum in zodiaco: et moventur aliquando versus septen

629 1975 1165 37 trionem aliquando versus meridiem ab ecliptica et interdum vero sub

626 2025 1177 38 eccliptica aliquando motu tardo aliquando veloci. Respectu etiam so

629 2076 1168 35 lis habent diversum motum cum enim videbantur prope solem: eorum

623 2126 1191 37 motus ( presertim trium superiorum ) apparebat velox. cum circa quadra

2226 368 1181 51 a sole non moveri quidem: sed stare videbantur. hoc est eorum motus insen

2228 418 1174 48 sibilis adeo fuit: quod potius stare quam moveri dicerentur etc. Et cum in dia

2228 469 1183 45 metro fuerunt solis contra signa tendebant duo vero inferiores respectu

2232 519 1185 43 solis sic motum diuersum videbantur habere et non coniunguntur ei: nisi

2237 568 1174 43 aut retrogradi aut velociter moti. et dum ab eo seperatur magis viden

2228 615 1174 44 tur stare propter eius varium motum istarum stellarum quandoque ipsi antiqui

2231 663 1183 47 merito habuerunt investigare et querere motum equalem et similem in revo

2241 711 1167 47 lutionibus: que esset absque diversitate: quelibet talis. n. motus est: quedam pro

2238 757 1176 49 prietas conveniens corporibus celestibus alienatis a natura istorum infe

2228 808 1179 48 riorum. quorum motus sunt absque similitudine et ordine. inquit Pto. ubi

2231 858 1167 46 supra. Et debebant querere equalem motum: que ambas istas diversitates si

2240 910 1173 42 mul ad equalitatem reduceret. Et propter hoc ordinaverunt equales circulos

2234 960 1170 41 imaginatos: sicut patebit inferius. motum autem equalem venebantur per tem

2226 1009 1179 42 pus sicut in sole et in luna ut supra patet comprehendentes in aliquo tempore equa

2241 1057 1164 42 les revolutiones. unus quidam antiquorum sapientum dictas revolutiones con

2222 1101 1180 50 siderabant per stationes et per ortus istorum planetarum. Sicut tales Pto. reprehen

2226 1152 1172 46 dit ubi supra dicens non est possibile quod stationes declarent tempus verum et lo

2235 1203 1163 43 calis motus quandoque planetarum in diebus pluribus circa stationes non

2226 1251 1181 46 est sensibilis ortus est non: et ortus mutant loca subito. Imo adhuc preter

2232 1302 1163 44 istos modos post esse error in tempore propter diversitatem aeris in lo

2228 1349 1173 45 cis. et etiam visione eorum: quod considerant . habent enim planete mul

2237 1397 1171 47 titudinem modorum declinationis ab orbe signorum secundum loca

2234 1444 1170 46 sua in longitudine et latitudine. Et sic linee secundum quas videntur

2235 1491 1172 49 planete non faciunt angulos secundum unam habitudinem apud orbem

2228 1539 1176 51 signorum sed veram diversam propter plures modos declinationum ab orbe si

2219 1588 1182 51 gnorum. quos faciunt ipsi planete motibus suis diversis in longitudine

2234 1642 1174 45 et latitudine. eorum autem longitudines: cum fuerint apud orizontem viden

2226 1692 1173 44 tur secundum visus maiores: et cum fuerint in medio celi: videbuntur

2225 1742 1177 44 minores. Pro tanto ergo considerationes tales revolutionum equa

2222 1790 1180 44 lium in quinque planetis debuerunt esse in tempore longo respectu stel

2235 1840 1161 45 larum fixarum multum doctrinaliter. subtiliter: et sapienter consideran

2225 1890 1168 43 do scilicet omnes tales. ex parte quarum varietas aliqua possit accide

2225 1939 1171 45 re. tali enim modo possibile est comprehendere verum locum planete

2219 1987 1177 45 et per consequens revolutiones equales in temporibus equalibus. Et

2228 2037 1164 46 ideo dominus Ptolo. ordinauit instrumentum armillarum: quo ac

2234 2087 1161 44 cipiuntur vera loca planetarum et omnium stellarum fixarum secundum

2225 2132 1170 51 longitudinem et latitudinem: cuius confectionem ponit. d.5.c. primo. Tali er
