4076 2854
623 361 1803 398 nos tabulariorum. et hoc quod dicit super diametro mundi inter secat intellige
641 411 1806 448 ducendo diametrum mundi per caput et caudam draconis et non alias. Quod est
639 459 1799 497 dicit illa intersectio: a qua centrum epicicli incipit ire versus aquilonem
629 509 1799 545 vocatur caput. Mente sic vocatur ex quo. n. ab. eo puncto incipit ascendere: et
635 557 1802 593 motus ascensus nobilior est quam descensus immo talis punctus nobilioris mem
629 606 1802 641 bri nomen assummitur quemadmodum est ille punctus ponit initium zodiaci: in
635 654 1802 689 quo se zodiacus cum equinoctiali secant et quo tandem sol versus nos ascendere
639 703 1793 740 incipit. reliqua tandem intersectio cauda dicitur propter hoc: que ab ea centrum
635 751 1808 788 epicicli discedat et immo etiam illa dicitur fortuna: ista vero infortuna. pars
632 798 1809 840 etiam ecentrici intermedia dicitur venter inter caput et caudam: alia omnia
639 849 1149 888 in littera posita plana sunt. etc.
963 944 1376 987 De tribus superioribus.
680 1051 846 1184 t
893 1044 1808 1083 Heorica trium superiorum similiter sicut precedentium
891 1095 1794 1130 in tres dividitur partes In prima ponitur numerus orbium
884 1143 1797 1180 partialium et dispositionum eorundem. In secunda tractatur
893 1190 1796 1229 de motu cuiuslibet ibi orbes aiunt. In tertia exponuntur
633 1239 1800 1277 termini ibi aux planetarum: in vera significatione. Notandum: que ille suppositio
624 1290 1806 1327 nes tres: que sunt adducte in principio circa lunam etiam hic adduci possunt
633 1338 1800 1376 habent. n. veritatem in stellis quinque erraticis propter motum earum diversum: tam
630 1386 1800 1424 veram longitudinem: quam veram latitudinem dicte est suppositiones sufficienter
623 1437 1803 1474 includuntur in hac sola. quinque stellas erraticas duas diversitates in magni
629 1486 1803 1523 tudine et temporibus reditionum inequales: alteram propter solem alteram
629 1534 1806 1574 propter partes orbis signorum habere. et hec patent per Pto. d. 9. c. secun
639 1584 1806 1621 do ubi inquit. Inquisitionum vero diversitatum ingreditur ex dubi
626 1633 1796 1670 tatione non parum: propterea quod videntur cuiusque stellarum due
623 1683 1797 1718 diversitates: que non sunt equales: neque in magnitudine neque in par
630 1731 1797 1768 tibus reditionum: quarum una videtur propter solem et altera propter
623 1780 1806 1816 partes orbis signorum et cum coniunxerimus eas ambas: erit semper pro
624 1830 1797 1865 prietas cuiuscunque eorum propter illud difficilis cognitionis. hec ille.
630 1878 1797 1915 In istis verbis Pto. vult quomodo quinque stelle erratice seu planete
629 1926 1797 1963 habent diversum motum in zodiaco: et moventur aliquando versus septen
629 1975 1794 2012 trionem aliquando versus meridiem ab ecliptica et interdum vero sub
626 2025 1803 2063 eccliptica aliquando motu tardo aliquando veloci. Respectu etiam so
629 2076 1797 2111 lis habent diversum motum cum enim videbantur prope solem: eorum
623 2126 1814 2163 motus ( presertim trium superiorum ) apparebat velox. cum circa quadra
2226 368 3407 419 a sole non moveri quidem: sed stare videbantur. hoc est eorum motus insen
2228 418 3402 466 sibilis adeo fuit: quod potius stare quam moveri dicerentur etc. Et cum in dia
2228 469 3411 514 metro fuerunt solis contra signa tendebant duo vero inferiores respectu
2232 519 3417 562 solis sic motum diuersum videbantur habere et non coniunguntur ei: nisi
2237 568 3411 611 aut retrogradi aut velociter moti. et dum ab eo seperatur magis viden
2228 615 3402 659 tur stare propter eius varium motum istarum stellarum quandoque ipsi antiqui
2231 663 3414 710 merito habuerunt investigare et querere motum equalem et similem in revo
2241 711 3408 758 lutionibus: que esset absque diversitate: quelibet talis. n. motus est: quedam pro
2238 757 3414 806 prietas conveniens corporibus celestibus alienatis a natura istorum infe
2228 808 3407 856 riorum. quorum motus sunt absque similitudine et ordine. inquit Pto. ubi
2231 858 3398 904 supra. Et debebant querere equalem motum: que ambas istas diversitates si
2240 910 3413 952 mul ad equalitatem reduceret. Et propter hoc ordinaverunt equales circulos
2234 960 3404 1001 imaginatos: sicut patebit inferius. motum autem equalem venebantur per tem
2226 1009 3405 1051 pus sicut in sole et in luna ut supra patet comprehendentes in aliquo tempore equa
2241 1057 3405 1099 les revolutiones. unus quidam antiquorum sapientum dictas revolutiones con
2222 1101 3402 1151 siderabant per stationes et per ortus istorum planetarum. Sicut tales Pto. reprehen
2226 1152 3398 1198 dit ubi supra dicens non est possibile quod stationes declarent tempus verum et lo
2235 1203 3398 1246 calis motus quandoque planetarum in diebus pluribus circa stationes non
2226 1251 3407 1297 est sensibilis ortus est non: et ortus mutant loca subito. Imo adhuc preter
2232 1302 3395 1346 istos modos post esse error in tempore propter diversitatem aeris in lo
2228 1349 3401 1394 cis. et etiam visione eorum: quod considerant . habent enim planete mul
2237 1397 3408 1444 titudinem modorum declinationis ab orbe signorum secundum loca
2234 1444 3404 1490 sua in longitudine et latitudine. Et sic linee secundum quas videntur
2235 1491 3407 1540 planete non faciunt angulos secundum unam habitudinem apud orbem
2228 1539 3404 1590 signorum sed veram diversam propter plures modos declinationum ab orbe si
2219 1588 3401 1639 gnorum. quos faciunt ipsi planete motibus suis diversis in longitudine
2234 1642 3408 1687 et latitudine. eorum autem longitudines: cum fuerint apud orizontem viden
2226 1692 3399 1736 tur secundum visus maiores: et cum fuerint in medio celi: videbuntur
2225 1742 3402 1786 minores. Pro tanto ergo considerationes tales revolutionum equa
2222 1790 3402 1834 lium in quinque planetis debuerunt esse in tempore longo respectu stel
2235 1840 3396 1885 larum fixarum multum doctrinaliter. subtiliter: et sapienter consideran
2225 1890 3393 1933 do scilicet omnes tales. ex parte quarum varietas aliqua possit accide
2225 1939 3396 1984 re. tali enim modo possibile est comprehendere verum locum planete
2219 1987 3396 2032 et per consequens revolutiones equales in temporibus equalibus. Et
2228 2037 3392 2083 ideo dominus Ptolo. ordinauit instrumentum armillarum: quo ac
2234 2087 3395 2131 cipiuntur vera loca planetarum et omnium stellarum fixarum secundum
2225 2132 3395 2183 longitudinem et latitudinem: cuius confectionem ponit. d.5.c. primo. Tali er
