1759 2445
731 199 988 300 Folio. liij.
193 266 1476 366 do vnum ⁊ idem agens est in diuersis rebus. ⁊ vnaqueqʒ recipit de illo scd'm modum sue
201 349 1470 415 potentie tunc est vniformitas ex parte agentis ⁊ difformitas ex parte recipietium. Sed
197 404 1470 467 sic est in prima causa ⁊ respectu rerum productarum. ergo et cetera. Maiorem ponit in
209 442 307 498 litera.
203 521 1473 605 ꝙ est quia ex rebus sunt ⁊ que recipiunt receptio~e vnica causaʒ pri
201 607 1476 692 mam ⁊ ex eis sunt que recipiunt receptione multiplicata eaʒ ⁊ ex eis
203 692 1470 781 unt que recipiunt eam receptione eterna. ⁊ ex eis quedam sunt que
207 781 1472 865 recipiunt eam receptione temporali. Et exeis sunt que recipiunt re-
213 874 1493 963 ceptione spirituali. Et ex eis sunt que recipiunt receptione corpo-
214 961 299 1035 rali.
221 1044 1488 1116 Declarat in speciali propositionem propositam quomodo sit diuersitas ex parte recipi-
224 1097 1484 1166 entis. Circa quod tria facit. Quia primo facit quod dictum est. scilicet quia ex rebus su~t
222 1146 1480 1230 quedam que recipiunt causam primam acceptione vna. Ut patet hoc clare ⁊ sufficienter
212 1200 347 1267 in textu.
225 1270 1480 1358 Et diuersitas quidem receptionis non fit ex prima causa. sed propt^
213 1348 1502 1446 recipiens. ꝙ est quia suscipiens diuersificatur. propter id ergo su-
228 1460 1489 1540 sceptum diuersificatur. Influens ergo existens vnum non diuersuʒ
224 1543 1488 1634 influit super omnes res bonitates equaliter. Bonitas nanqʒ influit
227 1634 1483 1714 super omnes res ex causa prima equaliter. Res ergo sunt causa di-
227 1721 1504 1806 uersitatis influxionis ⁊ bonitatis super res. Proculdubio ergo no~
227 1810 1207 1900 inueniuntur omnes res in primo per modum vnum.
1321 1960 1421 2051 i iiij
