7508 10091
1628 484 6424 636 convenientem tam ipsi quam animali vel propter dispo-
1628 844 6462 1059 sitionem stellarum fixarum in illis partibus ad modum
1628 1245 6760 1479 homini animalium. Iste vero circulus latine dicitur sig
1628 1631 6712 1879 nifer quia fert signa vel et dividitur in ea ab aristo-
1628 2061 6726 2275 tile vero in libro de generatione et corruptione dicitur
1646 2431 6556 2658 circulus obliquus ubi dicit que secundum accessum et recessum
1628 2814 6746 3067 solis in obliquo circuli fiunt generationes et corrup-
1628 3224 4438 3409 tiones in rebus infirioribus.
1628 3439 6686 3677 ¶ Postquam autor determinit de primo circulo maiori scilicet de equinoxiali Iam
1628 3635 6688 3907 consequenter determinat de secundo circulo maiori scilicet de zodiaco et dicitur vt in textu
1628 3896 6628 4159 Notandum pro intellectu Textus Que zodiacus habet
1628 4118 6738 4377 quattuor nomina. Primo dicitur circulus vite et omnibus viventibus et maxime
1628 4333 6734 4597 hominibus ab isto circulo est vita et periodus hoc est quantitas vite secundum mo
1628 4551 6612 4815 tum planetarum sub isto circulo quod pulcre dixit Albertus in libello de duabus
1628 4767 6756 5037 sapientiis in hec verba. Quantitatem vite nati ex celo et stellis cognoscimus
1628 5012 6692 5239 non quantum vivere oportet ex necessitate sed ultra quod vita hominis non potest pro
1628 5220 6584 5459 tendi a natura minui quidem dies homines possunt augeri vero non possunt quod et aristo
1628 5424 6760 5693 tiles secundo de generationem confirmat dicens Que aliquorum hominum vita maiori aliorum
1628 5648 6690 5897 vero minori mensuratur periodo et scriptura inquid constituisti terminos eius
1628 5864 6704 6123 quospreterire non poterat. Quando vero quantitas vite ex stellis et planetis ex ce
1628 6087 6644 6345 lo nosci potest Ptholomeus omnium astrologorum princeps pulcre tertio quadripartiti
1628 6309 6720 6555 capitulo decimo docet dicens Que gradus sunt distantie inter ylech idest pla
1628 6532 6770 6773 netam dantem vitam et inter interfectorem qui abscindit vitam ut sunt stelle male ut
1628 6752 6664 6991 mars saturnus et stelle de natura eorum tot annis vivit homo in hoc mundo tamen
1628 6975 6674 7205 aliquando propter peccatum deus minuit vitam homini quia a natura habet unum dixit
1628 7200 6712 7429 scriptura viri sanguium et dolosi non dimidiabunt dies suos Et autor Scolasti
1628 7415 6720 7647 ce hystorie scribit de Ezechia rege cui deus quindecim annos propter peccatum de
1628 7636 6570 7859 periodo et vita naturali abscindere voluit cum tamen penitentiam egit deus adiecit
1628 7856 6682 8081 vite sue quindecim annorum numerum et sic usque ad periodum vixit quod in ysaia propheta le
1628 8094 6608 8307 gitur clare Que etiam zodiacus sit circulus vite patet per experientias in vita
