7454 10095
1936 683 6580 837 gulum autem est figura habes quattuor latera quorum duo sunt equalia ut mino-
1722 901 6480 1053 ra et duo maiora sunt inequalia respectu minorum et et quodlibet signum habet
1721 1114 6800 1281 triginta gradus in longitudine et duodecim in latitudine constituetur in quoli-
1721 1339 6792 1497 bet signo quadrilatera vel quadrangula et non quadrata figura nisi quadran
1721 1561 6384 1709 gulum caperetur pro quadrato quod in geometria est inconveniens quia quatratum
1721 1774 4622 1913 et quadrangulum sunt figure distincte specie.
1766 2197 6680 2335 ¶ Linea autem dividens zodiacum in circuitu ita que ex
1721 2595 6462 2739 una parte sui relinquuntur sex gradus et ex alia parte
1721 3009 6386 3127 sex dicitur linea ecliptica quoniam quando sol et luna sunt linea
1721 3383 6168 3509 liter sub illa contingit eclipsis solis et lune Solis ut
1721 3785 6692 3909 si sit novilunium et luna interponitur recte inter as
1721 4201 6806 4300 pectus nostros et corpus solare. Lune vero in pleni-
1721 4601 6646 4709 lunio quando sol opponitur dyametraliter unde e
1721 4998 6414 5106 clipsis lune nichil aliud est quam interpositio terre
1721 5385 6084 5507 inter corpus solis et lune Sol quidem semper decur
1721 5785 6778 5903 rit sub ecliptica omnes alii planete declinant vel ver
1721 6179 6628 6309 sus septentionem vel versus austrum quandoque autem
1721 6577 3300 6683 sunt sub eclipta.
1721 6931 6704 7069 ¶ Postquam Autor aliqua determinavit de signis zodiaci et divisione zodiaci
1721 7133 6822 7299 et cuius figure sunt signa zodiaci. quia figure quadrangule et non quadrate
1721 7358 6478 7505 re ut quidam dixerunt nunc consequenter ostendit quinque Primo ostendit
1721 7577 6524 7717 quid est linea ecliptica Secundo quare dicitur ecliptica. Et tertio quando fit eclip-
1721 7784 6766 7947 sis solis et lune Quarto ostendit quid est eclipsis lune et omnia ista dare ostendit
1721 8023 6394 8179 in textu Quinto ostendit quomodo sol et ceteri planete habent se respectu ecliptice
