7449 10079
1630 366 6378 528 tiens erit. 18. que decem octo non faciunt integrum stadium capiantur ergo. 11. partes
1754 580 6684 742 ab eis que valebunt dimidium et remanent septem vigesimesecunde que valet tertiam par
1630 786 6728 962 tem unius stadii et ita dyameter terre veniet que ponitur in textu scilicet 80181
1630 1016 6442 1170 et semis et tercia pars stacii hoc est terreni orbis dyameter sive spissitudo insta
1630 1236 6530 1390 diis. Unde hanc praxim quidam carmine pulcre describit. Est per diametrum tibi
1630 1450 6704 1614 circulus inveniendus. Dyametrum tripla pars septima sit tibi iuncta. Et tibi
1630 1664 6336 1828 circuitus terre patet manifeste Sed si dyameter per circuitum sit habenda Pars.
1630 1883 6644 2048 bis undena de circuitu resecatur. Dyametrum faciet tertia pars remonentis.
1630 2142 6688 2302 Alter modus inquirendi dyametrum terre levior et
1630 2352 6744 2520 brevior primus tamen est subtilior et magistralior. Si dyametrum terre aliquis le-
1630 2564 6738 2732 viter et breviter invenire voluerit. Primo accipiat ambitum terre scilicet. 252000
1630 2788 6720 2948 stadiorum. Secundo multiplicemus istum numerum stadiorum per. 7. et veniet post multi-
1666 3004 6744 3168 plicationem. 1764000. Tertio istum numerum diuide per vigintiduo et numerus quo
1630 3220 6746 3384 tiens veniet. 80181. stadia et remanent aduc. 18 in residuo que in fractione in
1630 3442 6758 3604 vigesimassecundas faciunt unum dimidium stadium et tertiam partem stadii multipli
1630 3662 6754 3820 cando decemocto per vigintiduo et veniunt. 396. quem numerum si divideris per vi
1598 3878 6758 4040 gintiduo manebunt. 18. vigesimesecunde quarum undecim valent dimidium stadium et.
1630 4100 6784 4254 7. valent terciam partem stadii ista praxis est levior sed prima magistralior et subtilior
1630 4364 6546 4527 Cognito dyametro integra terre semidyametrum
1650 4570 6730 4728 Terre inde facillime extrahere possumus hoc modo. Si semidyametrum terre
1630 4792 6740 4952 aliquis scire voluerit totam dyametrum terre mediet ut istam. 80181. et veniet 700
1634 5006 6588 5172 90 semidyameter terre in stadiis et medium et tot stadia sunt a superficie terre su
1654 5224 6756 5382 periori usque ad infernum supponendo que infernus et locus damnatorum sit in cen-
1630 5446 5924 5608 tro et in medio terre ut communiter Theologi dicunt et scribunt.
1630 5696 6780 5869 Cum quis scire voluerit Miliaria dyametri Terre tam
1682 5892 6820 6076 parva que Gallica dicimus quamm magna que germanica appellamus et in primis in
1764 6108 6618 6296 gallicis divide dyametrum terre in stadiis scilicet. 80181. per. 8. er. 8. stadia faciunt
1644 6318 6736 6514 miliare parvum et venient. 10022. miliaria parva. Si autem diviteris miliaria parva
1778 6556 6676 6728 per duo venient magna et duo parva faciunt unum magnum econverso et erunt 5011
1654 6782 4126 6944 miliaria magna in dyametro terre.
1668 7048 6660 7212 Cognita dyametro in miliaribus magnis et paruis
1640 7254 6764 7420 Si vis scire Miliaria magna et parva in semidyametro terre et primo in Gal
1654 7472 6776 7634 licis divide semidyametrum terre scilicet 40090. stadia per. 8. et venient miliaria par
1682 7686 6772 7857 va in dyametro terre ista scilicet 5011. Et in residuo manent duo stadia et tot
1738 7916 6378 8094 miliaria Gallica vel parva sunt ad infernum supponendo quod infernus
