7491 10116
1714 492 6516 652 ¶ Postquam Autor textu ostendit quid est orizon Et quare dicitur orizon
1688 698 6800 876 Nunc consequenter ostendit divisionem orizontis Et dicit que orizon est duplex
1650 916 4586 1058 scilicet Rectus et Obliquus ut patet in textu.
1668 1168 6668 1342 Notandum pro Intellectu textus Que divisio orizon
1674 1380 6712 1554 tis correspondet divisioni spere Dictum enim est in primo tractatu operis Que spe-
1626 1594 6318 1764 ra est duplex scilicet Recta et Obliqua que enim habitant precise sub equinoxiali circulo
1630 1808 6638 1990 habent speram rectam. Qui vero habitant extra equinoxialem circulum habent speram
1938 2038 6714 2204 obliquam secundum maiorem et minorem recessum sub equinoxiali circulo sic et isti ha-
1634 2250 6018 2412 bent orizontem rectum qui habitant precise sub equinoxiali circulo illis enim uter
1636 2472 6524 2630 que polus est in contactu orizontis et semper vident utrumque polum et stellas utri-
1646 2684 6788 2860 usque poli et semper habent equinoxum et equalitatem diei et noctis quolibet die
1674 2896 6748 3072 anni habitantes in civitate Arim que est precise in medio mundi sed isti ha-
1666 3120 6602 3286 bent orizontem obliquum qui non habitant directe sub equinoxiali circulo et illis
1682 3324 6636 3514 elevatur plus polus mundi unus quam alter et non est equinoxium eis quodli-
1644 3550 6296 3716 bet die sed solum bis in anno et augentur eis dies estatis secundum quod eis ma
1722 3768 6626 3938 gis elevatur polus ut habitantes in polonia habent elevationem poli septen
1684 3978 6340 4164 trionalis ad quinquaginta gradus et diem sedecim horarum et octo minutorum
1658 4210 6754 4368 aut decem in estate circa festa sancti viti habitantes autem insula Thile ha
1670 4424 6496 4596 bent maiorem elevationem poli et longitudinem diei in estate viginti horarum est
1860 4634 6232 4804 autem insula Thile insula septentrionalis Unde dixit Virgilius De Augusto
1652 4852 3436 4977 serviet tibi ultima Thile
1916 5270 6390 5444 ¶ Cenith autem capitis nostri semper est polus orizon-
1602 5669 6124 5834 tis unus ex hiis patet Que quanta est elevatio poli mun
1666 6058 6300 6228 di supra orizontem tanta est distantia cenith ab equinox
1632 6445 6740 6619 iali quod sic patet. Cum in quolibet die naturali uter
1644 6849 6620 7031 que colurus bis iungatur meridiano sive idem est que me-
1648 7232 6604 7430 ridianus quicdquid de uno probatur et de reliquo. Suma
1662 7646 6780 7832 tur igitur quarta pars coluri distinguentis solstitia
1652 8050 5810 8224 que est ab equinoxiali usque ad polum mundi Sumatur
