1768 2577
403 301 1678 349 Notandum secundo. que marsilius hic
416 360 1675 407 Subidividit unum membrum predicte divisionis dicens. Que duplex est
418 409 1681 458 Relativum substantie. s. idemtitatis. et est quod refert suum antecedens precise
414 458 1679 505 pro illo vel pro illis. pro quo vel quibus tale antecedens accipitur. Et est du-
418 508 1674 554 plex. s. Reciprocum et non reciprocum. reciprocum. est. quod in referendo suum antecedens.
421 557 1676 604 existens totale subiectum vel pars principalis denotat actum per verbum
417 605 1684 652 importari transire immediate in rem pro qua supponit suum antecedens. Et tunc
418 654 1683 701 ponitur in eadem kathegorica. ut dicit Mar. cum suo antecedente. ut socrates di
414 704 1688 750 ligit se. Et dicuntur reciproca quia actus verbi in eundem terminum a quo
412 755 1690 798 procedit reflexiva ad similitudinem motus reciproci. que idem habet pro termino
418 802 1676 848 aquo. et termino ad quem. ut dicit. vi. phisicorum. Unde dicit Sco. dis. iiii.
418 854 1670 895 primi. q. i. que pronomen reciprocum denotat actum terminari ad idem sup
418 901 1672 946 positum a quo procedit ille actus. aliter non esset reciprocum. Sed relativum
411 947 1672 994 non reciprocum est quod refert suum antecedens existens totale subiectum
416 996 1661 1041 vel principalis pars subiecti. non denotans actum per verbum impor-
412 1047 1675 1093 tatum. transire immediate in rem. pro qua supponit suum antecedens. et non
412 1099 1676 1140 ponitur in eadem kathegorica cum suo antecedente. ut socrates currit et ille movetur
416 1145 1668 1189 Aliud est relativum substantie diversitatis. et est quod importat aliud vel alia
414 1193 1674 1238 quam suum antecedens. ut socrates currit et alius legit. Adverte quod Relativum acci
418 1242 1668 1290 dentis etiam est duplex. s. Idemtitatis et est quod natum est supponere pro re
412 1295 1674 1336 simili vel equali rei pro qua verificatur propositio sui antecedentis. ut socrates est
420 1340 1674 1384 albus et talis est plato. Et tale est duplex. s. reciprocum. et non reciprocum.
424 1388 1678 1434 Reciprocum quod in referendo suum antecedens denotat. dispositionem accidentalem. re
412 1439 1670 1484 flecti in rem antecedentis vel rem comparatam rei antecedentis. ut socrates videt se taliter
420 1487 1670 1532 qualificatum. sicut plato Iy taliter qualificatum est relativum idemtitatis reciprocum
418 1534 1669 1581 Sed non reciprocum dicitur. illud quod in referendo suum antecedens non denotat di-
418 1588 1668 1631 spositionem accidentalem reflecti in suum antecedens vel rem comparatam
411 1637 1671 1679 rei antecedentis. ut socrates est albus et talis est plato. Iy talis est relativum acci
416 1683 1666 1728 dentis idemtitatis non reciprocum. Aliud est relativum accidentis diver
412 1729 1671 1779 sitatis. et est quod natum est supponere pro rei dissimili vel inequali: rei pro qua
420 1780 1665 1830 verificabile est suum antecedens. ut socrates est albus et alteriusmodi est plato.
412 1828 1671 1879 Et est duplex. s. reciprocum ut se aliter qualificatum. Aliud non reciprocum
420 1875 1655 1926 ut aliter etcetera. cum enim dicitur socrates videt se aliter qualificatum denotatur actus
424 1922 1659 1974 per verbum importatus. s. videt ad idem suppositum terminari a quo e-
416 1975 1670 2022 xivit sub alteritate. tamen dispositionis accidentalis. rei antecedentis. vel
417 2027 1669 2071 rei comparate rei antecedentis. In ista vero socrates aliter qualificatus. non
419 2074 1672 2123 sit huiusmodi actus verbi ad idem verbum reflexio. quare nec aliqua reci
420 2123 1656 2174 procatio Practica. ¶ Et adverte. Qua relativa sunt adinventa.
