1762 2586
385 257 1661 299 Que terminus supponitur pro pluribus dupliciter. s. divisim ut quando. potest verificari
398 307 1654 349 de pluribus te de quolibet plurium seorsum. id est in pluribus proposi-
402 357 1657 399 tionibus. sicut homo in ista homo est animal. Alio modo coniunctim ut quando
406 407 1657 447 verificatur de pluribus simul et de nullo eorum seorsum. ut isti homines
398 455 1661 497 trahunt navem. Iy homines supponit quidem pro pluribus. sed tamen non seorsum
412 504 1648 546 pro quolibet. sed pro omnibus simul navem trahentibus hec enim est falsa uno
402 553 1654 595 trahentium navem. demonstrato isti homines etcetera. Dicitur univoce is est
400 601 1663 646 secundum eundem conceptum. et sinonimum: socrates enim ita significat hanc humanitatem
402 650 1656 694 per hanc differentiam individualem contractam. quod nullo modo potest significare aliam
402 699 1657 742 Cum ista humanitas sit contracta ad esse suppositi per hanc differentiam in-
407 747 1657 788 dividualem. b. sic quod sibi propter istam differentiam cui est unitive idem repu-
410 796 1659 838 gnat contrahi per. c. et non dantur due differentie individuales sicut nec due
406 846 1660 889 formales eiusdem rationis pro tanto etiam. numquam dantur duo individua ei-
412 894 1660 937 usdem rationis precise. inquantum talia dico. sicut nec due species. et propter
407 943 1664 982 istam incommunicabilitatem nature. etiam termini dicuntur singulares. Uni ad-
405 989 1666 1032 verte. quod terminorum singularitas et communitas accipitur ex singularitate et
413 1041 1662 1082 communitate significatorum adequatorum. unde de quanto significatum est pluribus commu-
406 1090 1548 1133 nicabile de tanto etiam. terminus est magis vel minus communis
416 1176 1656 1211 Et pro clariori horum et dicendorum
413 1234 1656 1270 Noticia: ponuntur alique Regule. ¶ Prima. omne nomen proprium personaliter
405 1280 1660 1322 sumptum. et omne nomen appellativum. cum pronomine primitive speciei sum-
416 1326 1668 1370 ptum. est terminus discrete tentus. Et dicitur personaliter. quia materialiter sum-
416 1376 1668 1415 ptum. potest esse terminus communiter tentus. ut omne Iy socrates. est nomen.
411 1426 1659 1466 Dicitur etiam cum pronomine etcetera. quia si sumeretur. cum pronomine derivatiue spe
406 1475 1655 1515 ciei esset terminus communis. ut meus asinus. Iy asinus est terminus com
405 1523 1659 1562 munis communiter tentus. ¶ Secunda regula. Terminus communis per terminum
405 1574 1664 1610 discrete tentum vel per aliquod equivalens. determinatus est discrete tentus. ut
402 1623 1655 1662 tunica socratis. ens quod est socrati. etcetera. ¶ Tercia regula. Omne copulatum. exter
402 1670 1663 1709 minis discrete tentis. est terminus singularis singulariter tentus. id est te
412 1717 1657 1757 minus cui de se repugnat supponem pro pluribus divisim et univoce. ut socrates.
410 1762 1654 1806 et plato. etcetera. ¶ Quarta regula. Omne disiunctum ex terminis singularibus
410 1815 1659 1855 non adequate pro eodem supponentibus. est terminus communis. tale enim di-
402 1864 1666 1901 visim et univoce potest de pluribus verificari. Et dicitur non adequate. ideo quia
409 1913 1657 1949 si sit adequate . pro eodem supponens est terminus communiter tentus. ut
405 1964 1663 2000 Nicolaus vel nicolaus. ¶ Quinta regula. Disiunctum ex termino singulari
406 2011 1647 2048 et termino communiter tento. est terminus communis. ut socrates. vel homo
403 2060 1646 2098 ¶ Sexta. Omne conditionatum. quorumcumque terminorum: dummodo sit pro
403 2112 1659 2152 omni ente supponens est terminus communis. ut Socrates si est socrates. Et pro
