1824 2573
168 290 1438 347 talis terminus verficatur mediante copista talis propositionis ut in hac
165 378 1443 436 propositione homo currit. Iy homo supponit pro quolibet homine qui
163 462 1424 524 est. quia de quolibet istorum mediante copula. est. verificatutur. Quocumque
163 553 1428 608 enim homine demonstrato qui est. hec est vera. hoc est homo. similiter Iy
159 637 1428 698 currens supponit pro quolibet currente quod est. quia quolibet currente de
163 731 1432 781 monstrato verum est dicere hoc est currens. Ex isto infertur Corollarie. que si
155 824 1427 875 nihil currat. ille terminus currens positus in ista propositione. hoc est currens pro nullo
162 917 1419 970 supponit. quia de nullo verificatur mediante copula istius propositionis.
177 1005 1421 1057 quia quocumque demonstrato hec est falsa. hoc est currens. cum suppositum sit
166 1097 1420 1146 nihil currere. similiter in ista Chimera est. subiectum pro nullo supponit
157 1187 1434 1239 nec in ista Adam est. subiectum pro nullo supponit vel antichristus fuit
173 1276 999 1323 et sic de consimilibus propter eandem causam.
190 1388 1415 1437 Notandum primo. quod iste est Tra-
171 1444 1423 1494 ctatus suppositionum Marsilii qui in duas dividitur principales partes.
179 1493 1430 1543 Proemialem. s. et Executivam. In prima facit auditores dociles. ordinem
176 1545 1427 1592 dicendorum proponendo. ut patet in textu. Secunda pars principalis dividitur
170 1592 1419 1637 in duos tractatus partiales. primus qui continet duo capitula. est de sup
174 1642 1423 1686 positione terminorum absolutorum. in primo eius capitulo agit Mar. de suppo
164 1692 1429 1734 sitione diffinitive. in secundo vero preceptive. ponendo varias variorum re-
176 1742 1430 1784 gulas magistrorum. In secundo partiali tractatu agit de suppositione ter
172 1788 1422 1833 minorum relativorum. partes in processu ostendentur. Primo itaque Mar.
167 1835 1424 1881 diffinit suppositionem logicalem proprie dictam. In qua diffinitione dicitur primo
173 1882 1425 1931 acceptio. et hoc ponitur loco generis. Unde in proposito acceptio nihil aliud
172 1930 1429 1980 est quam termini actualis vel potentialis. in propositione ab intellectu appre-
170 1979 1423 2028 hensio. Dicitur secundo. termini. unde hic accipitur terminus extenso nomine pro omni
182 2027 1426 2077 eo quod materialiter vel personaliter sumptum potest esse propositionis extremum.
178 2078 1430 2125 Unde sinkathegreumata et adiective tenta personaliter sumpta
170 2132 1442 2176 non sunt hoc modo termini. Dicitur tercio Mar. in propositione ad innuendum
1228 2195 1327 2232 A4
