1756 2572
93 240 1366 288 per regulam Sco. in quarta dis. primi. q. f. dicentem. Omnis terminus concretus
96 290 1343 337 suppositaliter non extraneatus potest supponere pro suppositis sive personaliter
103 339 1341 385 Unde predicatum est duplex. s. extraneans suppositaliter et est quod convenit alicui
105 391 1339 435 subiecto precise pro suo significato ultimato adequato. et hoc vocatur ab aliis. po-
103 442 1349 485 nens differentiam inter superius et inferius. ut hoc est species Iy species est predicatum
103 492 1340 534 suppositaliter extraneans. patet Aliud est predicatum non extraneans suppositaliter
97 543 1356 583 sive non ponens differentiam inter superius et inferius quod idem est. et est quod indiffe-
95 592 1350 632 renter potest addi subiecto et pro suo significato adequato et inadequato. sicut animal
97 643 1351 680 de Iy homo. Et ponitur Regula. Omnis terminus sumtpus. pro significato ultimato
95 693 1345 731 respectu subiecti vel predicati non extraneantis ipsum suppositaliter supponit per
103 738 1345 779 sonaliter. patet ex dictis. Unde suppositio dicitur personalis non quia terminus taliter
105 785 1351 827 supponens semper accipiatur pro persona id est intelligibilis nature incommunicabili
98 836 1360 874 existentia. ut dicit Richar. iiii. de Trinitate. ca. xxii. sed quia aliquis terminus ta
101 886 1360 921 liter supponens supponit pro persona. ergo a tali tanquam a nobiliori fit denomi-
95 934 1362 972 natio. sicut hic deus genuit deum: Iy deus in subiecto supponit pro patre. et Iy
104 983 1346 1021 deum in predicato pro filio. ut dicit Sco. iiii. dis. primi. q. i. de suppositione simplici
93 1032 1361 1071 que opponitur personali dicetur domino favente. circa fugam. Mar. Unde
104 1080 1359 1119 Suppositio materialis simplex et personalis est duplex. s. discreta et commu-
106 1130 1351 1169 nis. discreta in genere est ut dicit Mar. acceptio termini discreti. pro uno solo
108 1180 1348 1216 id est pro aliquo incommunicabili pluribus. vel sic. est acceptio termini discreti
103 1226 1353 1264 pro uno solo.id est acceptio termini discreti discretenti. pro aliquo de quo
109 1273 1352 1314 vel de quibus. s. copulatim et non divisim sumptis. talis terminus verficatur
108 1323 1352 1364 mediante copula talis propositionis. ¶ Pro cuius noticia diffinitionis Mar.
109 1373 1353 1412 diffinit terminum discretum discrete tentum dicens. est inquit. cui ex modo sue primarie
104 1421 1360 1462 impositionis vel naturalis significationis repugnat supponere pro pluribus di-
107 1469 1357 1511 visim et univoce. mediante copula non ampliata. et dicitur primo. ex modo sue prima
95 1519 1357 1560 rie impositionis propter terminos vocales et scriptos discrete tentos. Dicitur
107 1567 1354 1608 vel naturalis significationis. propter terminos mentales ultimatos singulares qui
100 1613 1358 1657 mere naturaliter significant. talibus enim repugnat supponere divisim. id est pro quo
105 1662 1347 1706 libet plurium seorsum pro pluribus. et per hoc excluduntur isti intermini. sol mundus.
102 1712 1351 1756 quibus et si repugnet supponere pro pluribus. propter suppositorum plurium defe
107 1761 1346 1805 ctionem non tamen significationis impositionem. unde si deus cras duos soles crearet.
102 1810 1380 1853 Iy sol de significato inadequato illos significaret. Et generaliter. omnis terminus significans
106 1860 1352 1901 aliquid communicabile multis est terminus communis. Et significans non commu-
105 1909 1350 1950 nicabile multis est terminus singularis. Et dico ita communicabile multis
109 1958 1350 1998 quorum quodlibet est ipsum. id est sicut superius suo inferiori. quia licet hec femina
105 2003 1347 2045 sit communicabilis in matrimonium. huic vel illi. non tamen ipsi sunt hec femina
109 2053 1397 2094 formaliter. id est essentialiter. Dicitur divisim. quia terminus discretus potest sup-
107 2102 1353 2147 ponere pro pluribus coniunctim. sicut fortes et plato. Pro quo adverte.
1172 2153 1276 2197 B 3
