1768 2575
442 326 1689 375 Notandum primo. que Mar. in ista
454 385 1684 435 Littera. pro maiori dictorum elucidatione. obicit triplici obiectione. Et
441 434 1681 484 primo. Et contra Corollarium tercie regule facit duplicem obiectionem
444 483 1684 536 Prima est. quia dictum est in Corollario primo et reperitur. que Iy ille in ista
436 532 1687 584 Antichristus non est et ille erit. supponit. Contra hoc arguitur. Iy ille non sup-
433 579 1684 636 ponit. probatur sic. quia terminus pro illo supponit quod significat. sed Iy ille non si-
446 631 1688 681 gnificat anntichristum futurum ergo etcetera. maior nota. similiter minor. Respondet tripliter:
447 681 1685 726 Primo per interemptionem minoris. immo relativi grammaticalis pronominalis
441 727 1681 774 relatio est eius significatio. Secundo ad eandem dicit. per idem. et dicere quod hoc est contra na
441 776 1681 824 turalem intellectus conceptionem. s. que Iy ille non referat antichristum futurum
446 825 1683 876 et ita que non supponat pro eo. quare supponit Iy ille. Tercio dicit que hoc est
438 877 1677 924 contra communem modum loquendi logicorum. qui istam concedunt tamquam
447 925 1689 967 veram. s. antichristus non est et ille erit. qui inquit modus loquendi. maxime
443 970 1681 1018 est tenendus in huius passionibus logicalibus. et causa est quia talis se-
447 1020 1685 1070 quitur modum intelligendi. ea etenim que sunt in voce sunt earum que sunt in animalia
438 1070 1679 1122 passionum note. Cum ergo mentaliter ista concedatur ergo etcetera. ¶ Secunda obie-
448 1119 1681 1167 ctio. militat contra primam regulam. Et est quia prima regula est Corollario
444 1164 1687 1215 primo regule tercie. contradictoria. igitur Mar. positio est inconveniens.
441 1217 1682 1264 Antecedens patet. regulam et corollarium primum et secundum tercie regule intuenti.
436 1265 1686 1315 Ad quam respondet benigne et suppliciter dixi inquit in prima regula: oppositum
435 1314 1692 1362 dictis in tercia regula. quia ita fui a meis preceptoribus institutus: nunc
439 1362 1685 1410 autem inquit cum. magis magisque modum loquendi animadverti. oppositum et
440 1411 1653 1461 melius in corollariis tercie regule dixi. et ita tenendum. precipit Mar.
434 1460 1686 1509 ¶ Tercia obiectio est contra corollarium primum et secundum tercie regule. et est
437 1509 1689 1556 talis Corollarium primum et secundum tercie regule est falsum. ergo male posita. antecedens patet
441 1557 1681 1607 quia universitas Parisiensis. dicit oppositum primo et tercio Corollariis
441 1606 1685 1656 tercie regule. dicunt enim ut Ioannes Buridanus. que relativum idemtitatis
436 1657 1678 1703 substantie non reciprocum. solum refert suum antecens pro illis eius
436 1703 1679 1753 suppositis. pro quibus erat verificatio kathegorice. in qua ponebatur ante-
438 1751 1684 1803 cedens. Ad quam obiectionem respondet Mar. per interemptionem
438 1802 1690 1853 Salva inquit eius respondentia si fuerit alicuius respondentie. negarem inquit
440 1851 1680 1897 tale eius dictum quod diceret oppositum. Ioannis autem Buridani textus
441 1900 1682 1944 non videtur militare contra corollaria. immo habet eandem precise senten
433 1949 1675 1993 tiam in suis suppositionibus. quam et Mar. dicit in Corollariis primo. s.
435 1996 1679 2043 et secundo tercie regule. ¶ Ultimo Mar. in textu lecto. Infert corollarium ter
440 2045 1672 2093 cium dicens. Relativum idemtitatis substantie non reciprocum. in pro
431 2095 1684 2143 positione kathegorica mere de presenti. in qua nullum ponitur ampliativum
440 2147 1687 2195 supponit pro eo quod non est. sed fuit vel erit. Exemplum primi. ut socrates
