1840 2561
388 267 1671 305 terminus semetipsum et sibi similia intellectui representat. deinde suum si-
393 360 1659 401 gnificatum vltimatum. Quod dicitur res ad extra. pro qua talis terminus communiter
391 451 1659 486 dicitur stare significative. verbi gratia signicatum nom ultimatum illius termini homo. est ipse
395 541 1666 577 met terminus. et sibi similis aut equivalens. Significatum vero ultimatum est
396 628 1659 669 res ad extra. s. animal rationale mortale. quia ultimo rem istam representat
400 716 1652 756 Est igitur breviter significatum utimatum termini res ad extra quam talis terminus
393 808 1661 846 significat. ex impositione sive sit vocalis sive scriptus sive eius naturalis similitudo
394 898 1655 935 si sit terminus mentalis. Sed significatum non ultimatum. termini. dicitur ipsemet ter-
404 994 1661 1028 minus vel sibi equivalens. et hoc sufficiat pro nunc. quia si in aliquibus patiatur
393 1078 1657 1114 quid nominis calumniam. hoc tamen est paucis. Suppositio personalis di-
392 1163 1656 1202 screta. Est acceptio termini discreti pro suo significato. seu pro suis significatis ultimatis
392 1256 1658 1293 de quo vel de quibus talis terminus verificatur. mediante copula talis pro-
392 1340 1661 1381 positionis. ut hic fortes currit vel isti homines currunt. Et circa istam de-
393 1440 1663 1484 scriptionem suppositionis. nota regulam. Quod numquam sub termino stante di-
386 1531 1653 1572 screte. debet fieri descensus formaliter. quamvis stet pro pluribus. ut non sequitur
392 1630 1657 1667 isti homines trahunt navem. ergo iste homo trahit navem. et iste homo tra-
394 1721 1620 1772 hit navem etceteriis. ut patet de se
400 1818 1644 1855 Notandum primo. quod Mar. diffinita
393 1875 1650 1916 Suppositione logicali dividit consequenter eam tanquam univocum suis spe-
389 1924 1648 1966 ciebus. Pro cuius maiori evidentia. Notandum. Quod suppositio prima sui
393 1975 1647 2014 divisione dividitur in suppositionem simplicem. et mixtam. Mixta sup positione
397 2025 1656 2061 acceptio termini complexi habentis partes alio et alio genere. vel eodem
394 2076 1648 2110 supponentes. Exemplum primi. ut iste terminus Maria est trisillabum. Iy termi-
394 2130 1658 2164 nus supponit personaliter. Iy maria materialiter Exemplum secundi ut cuiuslibet
