<?xml version="1.0" encoding="UTF-8" standalone="yes"?>
<PcGts xmlns="http://schema.primaresearch.org/PAGE/gts/pagecontent/2013-07-15" xmlns:xsi="http://www.w3.org/2001/XMLSchema-instance" xsi:schemaLocation="http://schema.primaresearch.org/PAGE/gts/pagecontent/2013-07-15 http://schema.primaresearch.org/PAGE/gts/pagecontent/2013-07-15/pagecontent.xsd">
    <Metadata>
        <Creator>prov=University of Rostock/Institute of Mathematics/CITlab|PLANET AI GmbH/Tobias Gruening/tobias.gruening@planet-ai.de:name=/net_tf/LA73_249_0mod360.pb:de.uros.citlab.segmentation.CITlab_LA_ML:v=2.6.7
Transkribus</Creator>
        <Created>2022-03-28T11:45:15.38+02:00</Created>
        <LastChange>2022-12-11T14:21:50.185+01:00</LastChange>
        <Comments>
                Measurement unit: pixel
                PrimaryLanguage: 
                Producer: Transkribus
            </Comments>
        <TranskribusMetadata docId="955435" pageId="37131464" pageNr="68" tsid="79647815" status="IN_PROGRESS" userId="14555" imgUrl="https://files.transkribus.eu/Get?id=GMEPSNVYOCBHDIOGGHLUKGQC&amp;fileType=view" xmlUrl="https://files.transkribus.eu/Get?id=RXCJMBAARLCKAPVGQXDWKKXA" imageId="29937089"/>
    </Metadata>
    <Page imageFilename="GIELCZ-0068.jpg" imageWidth="1768" imageHeight="2579">
        <ReadingOrder>
            <OrderedGroup id="ro_1670764910185" caption="Regions reading order">
                <RegionRefIndexed index="0" regionRef="r1"/>
            </OrderedGroup>
        </ReadingOrder>
        <TextRegion orientation="0.0" type="paragraph" id="r1" custom="readingOrder {index:0;} structure {type:paragraph;}">
            <Coords points="396,254 396,2172 1678,2172 1678,254"/>
            <TextLine id="r1l1" custom="readingOrder {index:0;}">
                <Coords points="396,333 459,331 523,329 587,327 651,325 714,323 778,322 842,321 906,320 969,319 1033,319 1097,318 1161,318 1224,318 1288,318 1352,318 1416,318 1479,318 1543,319 1607,319 1671,320 1671,256 1607,255 1543,255 1479,254 1416,254 1352,254 1288,254 1224,254 1161,254 1097,254 1033,255 969,255 906,256 842,257 778,258 714,259 651,261 587,263 523,265 459,267 396,269"/>
                <Baseline points="396,312 459,310 523,308 587,306 651,304 714,302 778,301 842,300 906,299 969,298 1033,298 1097,297 1161,297 1224,297 1288,297 1352,297 1416,297 1479,297 1543,298 1607,298 1671,299"/>
                <TextEquiv>
                    <Unicode>confirmatur sic nam certum est que Iy suum. sic supponit in ista propositione</Unicode>
                </TextEquiv>
            </TextLine>
            <TextLine id="r1l2" custom="readingOrder {index:1;}">
                <Coords points="401,422 464,420 528,418 591,417 655,415 718,414 782,413 845,412 909,411 972,411 1036,410 1100,410 1163,410 1227,410 1290,410 1354,410 1417,411 1481,411 1544,412 1608,413 1672,414 1672,350 1608,349 1544,348 1481,347 1417,347 1354,346 1290,346 1227,346 1163,346 1100,346 1036,346 972,347 909,347 845,348 782,349 718,350 655,351 591,353 528,354 464,356 401,358"/>
                <Baseline points="401,401 464,399 528,397 591,396 655,394 718,393 782,392 845,391 909,390 972,390 1036,389 1100,389 1163,389 1227,389 1290,389 1354,389 1417,390 1481,390 1544,391 1608,392 1672,393"/>
                <TextEquiv>
                    <Unicode>homo equitat omnem suum asinum iii asinum stat determinate. suum vero confuse</Unicode>
                </TextEquiv>
            </TextLine>
            <TextLine id="r1l3" custom="readingOrder {index:2;}">
                <Coords points="404,522 467,521 530,518 594,517 657,516 720,514 784,513 847,513 910,512 974,511 1037,511 1100,511 1164,510 1227,510 1290,510 1354,510 1417,510 1480,510 1544,510 1607,509 1671,509 1671,445 1607,445 1544,446 1480,446 1417,446 1354,446 1290,446 1227,446 1164,446 1100,447 1037,447 974,447 910,448 847,449 784,449 720,450 657,452 594,453 530,454 467,457 404,458"/>
                <Baseline points="404,501 467,500 530,497 594,496 657,495 720,493 784,492 847,492 910,491 974,490 1037,490 1100,490 1164,489 1227,489 1290,489 1354,489 1417,489 1480,489 1544,489 1607,488 1671,488"/>
                <TextEquiv>
                    <Unicode>distributive. Et ex ista regula sequitur primo. que licet antecedens supponat</Unicode>
                </TextEquiv>
            </TextLine>
            <TextLine id="r1l4" custom="readingOrder {index:3;}">
                <Coords points="406,622 469,619 532,616 595,613 659,611 722,610 785,608 849,607 912,607 975,606 1039,606 1102,606 1165,606 1228,606 1292,606 1355,607 1418,607 1482,607 1545,608 1608,608 1672,609 1672,548 1608,547 1545,547 1482,546 1418,546 1355,546 1292,545 1228,545 1165,545 1102,545 1039,545 975,545 912,546 849,546 785,547 722,549 659,550 595,552 532,555 469,558 406,561"/>
                <Baseline points="406,602 469,599 532,596 595,593 659,591 722,590 785,588 849,587 912,587 975,586 1039,586 1102,586 1165,586 1228,586 1292,586 1355,587 1418,587 1482,587 1545,588 1608,588 1672,589"/>
                <TextEquiv>
                    <Unicode>aliqua suppositione non oportet relativum supponere eadem suppositione</Unicode>
                </TextEquiv>
            </TextLine>
            <TextLine id="r1l5" custom="readingOrder {index:4;}">
                <Coords points="408,705 471,703 534,701 597,699 660,698 723,697 786,696 849,695 912,694 975,694 1039,694 1102,693 1165,693 1228,693 1291,693 1354,693 1417,693 1480,693 1543,693 1606,693 1670,693 1670,632 1606,632 1543,632 1480,632 1417,632 1354,632 1291,632 1228,632 1165,632 1102,632 1039,633 975,633 912,633 849,634 786,635 723,636 660,637 597,638 534,640 471,642 408,644"/>
                <Baseline points="408,685 471,683 534,681 597,679 660,678 723,677 786,676 849,675 912,674 975,674 1039,674 1102,673 1165,673 1228,673 1291,673 1354,673 1417,673 1480,673 1543,673 1606,673 1670,673"/>
                <TextEquiv>
                    <Unicode>omnimode patet hoc per regulam positam. Secundo sequitur. que Relativum</Unicode>
                </TextEquiv>
            </TextLine>
            <TextLine id="r1l6" custom="readingOrder {index:5;}">
                <Coords points="401,793 464,793 527,792 591,792 654,792 717,791 781,791 844,791 907,790 971,790 1034,789 1097,789 1161,788 1224,788 1287,787 1351,787 1414,787 1477,786 1541,786 1604,786 1668,786 1668,722 1604,722 1541,722 1477,722 1414,723 1351,723 1287,723 1224,724 1161,724 1097,725 1034,725 971,726 907,726 844,727 781,727 717,727 654,728 591,728 527,728 464,729 401,729"/>
                <Baseline points="401,772 464,772 527,771 591,771 654,771 717,770 781,770 844,770 907,769 971,769 1034,768 1097,768 1161,767 1224,767 1287,766 1351,766 1414,766 1477,765 1541,765 1604,765 1668,765"/>
                <TextEquiv>
                    <Unicode>supponit aliter et aliter propter additionem aliorum et aliorum signorum vel abla-</Unicode>
                </TextEquiv>
            </TextLine>
            <TextLine id="r1l7" custom="readingOrder {index:6;}">
                <Coords points="404,890 467,888 530,887 593,886 656,885 719,884 782,883 845,883 908,882 971,882 1034,882 1097,882 1160,882 1223,882 1286,882 1349,882 1412,882 1475,882 1538,881 1601,881 1664,880 1664,816 1601,817 1538,817 1475,818 1412,818 1349,818 1286,818 1223,818 1160,818 1097,818 1034,818 971,818 908,818 845,819 782,819 719,820 656,821 593,822 530,823 467,824 404,826"/>
                <Baseline points="404,869 467,867 530,866 593,865 656,864 719,863 782,862 845,862 908,861 971,861 1034,861 1097,861 1160,861 1223,861 1286,861 1349,861 1412,861 1475,861 1538,860 1601,860 1664,859"/>
                <TextEquiv>
                    <Unicode>tionem eorundem. patet hoc. nam relativum supponit confuse distributive.</Unicode>
                </TextEquiv>
            </TextLine>
            <TextLine id="r1l8" custom="readingOrder {index:7;}">
                <Coords points="415,981 478,981 541,981 604,980 667,980 730,980 793,980 856,979 919,979 982,979 1045,979 1108,979 1171,979 1234,979 1297,979 1360,979 1423,980 1486,980 1549,981 1612,981 1676,982 1676,918 1612,917 1549,917 1486,916 1423,916 1360,915 1297,915 1234,915 1171,915 1108,915 1045,915 982,915 919,915 856,915 793,916 730,916 667,916 604,916 541,917 478,917 415,917"/>
                <Baseline points="415,960 478,960 541,960 604,959 667,959 730,959 793,959 856,958 919,958 982,958 1045,958 1108,958 1171,958 1234,958 1297,958 1360,958 1423,959 1486,959 1549,960 1612,960 1676,961"/>
                <TextEquiv>
                    <Unicode>propter negationem precedentem antecedente supponente determinate ergo. Sequitur</Unicode>
                </TextEquiv>
            </TextLine>
            <TextLine id="r1l9" custom="readingOrder {index:8;}">
                <Coords points="412,1082 475,1082 538,1082 601,1081 665,1081 728,1080 791,1080 855,1079 918,1078 981,1077 1045,1076 1108,1075 1171,1074 1234,1074 1298,1073 1361,1073 1424,1073 1488,1073 1551,1073 1614,1074 1678,1075 1678,1012 1614,1011 1551,1010 1488,1010 1424,1010 1361,1010 1298,1010 1234,1011 1171,1011 1108,1012 1045,1013 981,1014 918,1015 855,1016 791,1017 728,1017 665,1018 601,1018 538,1019 475,1019 412,1019"/>
                <Baseline points="412,1061 475,1061 538,1061 601,1060 665,1060 728,1059 791,1059 855,1058 918,1057 981,1056 1045,1055 1108,1054 1171,1053 1234,1053 1298,1052 1361,1052 1424,1052 1488,1052 1551,1052 1614,1053 1678,1054"/>
                <TextEquiv>
                    <Unicode>tercio. que apposito signi universalis. in relativis facit mutationem suppositionis. unum</Unicode>
                </TextEquiv>
            </TextLine>
            <TextLine id="r1l10" custom="readingOrder {index:9;}">
                <Coords points="408,1171 470,1170 533,1169 596,1168 659,1167 722,1167 784,1166 847,1165 910,1165 973,1165 1036,1164 1098,1164 1161,1164 1224,1164 1287,1164 1350,1164 1412,1164 1475,1165 1538,1165 1601,1166 1664,1167 1664,1104 1601,1103 1538,1102 1475,1102 1412,1101 1350,1101 1287,1101 1224,1101 1161,1101 1098,1101 1036,1101 973,1102 910,1102 847,1102 784,1103 722,1104 659,1104 596,1105 533,1106 470,1107 408,1108"/>
                <Baseline points="408,1150 470,1149 533,1148 596,1147 659,1146 722,1146 784,1145 847,1144 910,1144 973,1144 1036,1143 1098,1143 1161,1143 1224,1143 1287,1143 1350,1143 1412,1143 1475,1144 1538,1144 1601,1145 1664,1146"/>
                <TextEquiv>
                    <Unicode>valde refert dicere. hoc est animal. et ille currit. et hoc est animal et omnis ille currit:</Unicode>
                </TextEquiv>
            </TextLine>
            <TextLine id="r1l11" custom="readingOrder {index:10;}">
                <Coords points="407,1255 470,1255 533,1255 596,1256 660,1256 723,1256 786,1256 850,1256 913,1256 976,1256 1040,1256 1103,1256 1166,1255 1229,1255 1293,1255 1356,1256 1419,1256 1483,1256 1546,1256 1609,1257 1673,1257 1673,1196 1609,1196 1546,1195 1483,1195 1419,1195 1356,1195 1293,1194 1229,1194 1166,1194 1103,1195 1040,1195 976,1195 913,1195 850,1195 786,1195 723,1195 660,1195 596,1195 533,1194 470,1194 407,1194"/>
                <Baseline points="407,1235 470,1235 533,1235 596,1236 660,1236 723,1236 786,1236 850,1236 913,1236 976,1236 1040,1236 1103,1236 1166,1235 1229,1235 1293,1235 1356,1236 1419,1236 1483,1236 1546,1236 1609,1237 1673,1237"/>
                <TextEquiv>
                    <Unicode>Nam Iy ille in prima supponit determinate pro hominibus. et in secunda propter</Unicode>
                </TextEquiv>
            </TextLine>
            <TextLine id="r1l12" custom="readingOrder {index:11;}">
                <Coords points="404,1348 467,1347 530,1347 594,1346 657,1345 721,1344 784,1343 847,1342 911,1341 974,1341 1038,1340 1101,1339 1164,1339 1228,1339 1291,1339 1355,1339 1418,1339 1481,1340 1545,1340 1608,1342 1672,1343 1672,1282 1608,1281 1545,1279 1481,1279 1418,1278 1355,1278 1291,1278 1228,1278 1164,1278 1101,1278 1038,1279 974,1280 911,1280 847,1281 784,1282 721,1283 657,1284 594,1285 530,1286 467,1286 404,1287"/>
                <Baseline points="404,1328 467,1327 530,1327 594,1326 657,1325 721,1324 784,1323 847,1322 911,1321 974,1321 1038,1320 1101,1319 1164,1319 1228,1319 1291,1319 1355,1319 1418,1319 1481,1320 1545,1320 1608,1322 1672,1323"/>
                <TextEquiv>
                    <Unicode>appositionem signi distributivi. supponit confuse distributive. Sed contra</Unicode>
                </TextEquiv>
            </TextLine>
            <TextLine id="r1l13" custom="readingOrder {index:12;}">
                <Coords points="403,1434 466,1434 529,1433 593,1433 656,1432 720,1432 783,1432 847,1431 910,1431 974,1431 1037,1430 1100,1430 1164,1430 1227,1430 1291,1431 1354,1431 1418,1431 1481,1432 1545,1433 1608,1434 1672,1435 1672,1372 1608,1371 1545,1370 1481,1369 1418,1368 1354,1368 1291,1368 1227,1367 1164,1367 1100,1367 1037,1367 974,1368 910,1368 847,1368 783,1369 720,1369 656,1369 593,1370 529,1370 466,1371 403,1371"/>
                <Baseline points="403,1413 466,1413 529,1412 593,1412 656,1411 720,1411 783,1411 847,1410 910,1410 974,1410 1037,1409 1100,1409 1164,1409 1227,1409 1291,1410 1354,1410 1418,1410 1481,1411 1545,1412 1608,1413 1672,1414"/>
                <TextEquiv>
                    <Unicode>diceres. nam idem est dicere. omnis hoc est animal. et ille currit. sicut dicere omnis hoc</Unicode>
                </TextEquiv>
            </TextLine>
            <TextLine id="r1l14" custom="readingOrder {index:13;}">
                <Coords points="400,1528 463,1527 527,1525 591,1524 655,1524 719,1523 782,1522 846,1522 910,1522 974,1521 1038,1521 1101,1521 1165,1521 1229,1521 1293,1521 1357,1521 1420,1521 1484,1521 1548,1520 1612,1520 1676,1519 1676,1458 1612,1459 1548,1459 1484,1460 1420,1460 1357,1460 1293,1460 1229,1460 1165,1460 1101,1460 1038,1460 974,1460 910,1461 846,1461 782,1461 719,1462 655,1463 591,1463 527,1464 463,1466 400,1467"/>
                <Baseline points="400,1508 463,1507 527,1505 591,1504 655,1504 719,1503 782,1502 846,1502 910,1502 974,1501 1038,1501 1101,1501 1165,1501 1229,1501 1293,1501 1357,1501 1420,1501 1484,1501 1548,1500 1612,1500 1676,1499"/>
                <TextEquiv>
                    <Unicode>est animal. et omnis homo currit. igitur Iy ille supponit. eodem modo sicut suum antecedens</Unicode>
                </TextEquiv>
            </TextLine>
            <TextLine id="r1l15" custom="readingOrder {index:14;}">
                <Coords points="400,1616 463,1615 527,1615 591,1614 654,1613 718,1613 782,1612 845,1611 909,1611 973,1610 1037,1610 1100,1609 1164,1609 1228,1608 1291,1607 1355,1607 1419,1606 1482,1606 1546,1605 1610,1604 1674,1604 1674,1543 1610,1543 1546,1544 1482,1545 1419,1545 1355,1546 1291,1546 1228,1547 1164,1548 1100,1548 1037,1549 973,1549 909,1550 845,1550 782,1551 718,1552 654,1552 591,1553 527,1554 463,1554 400,1555"/>
                <Baseline points="400,1596 463,1595 527,1595 591,1594 654,1593 718,1593 782,1592 845,1591 909,1591 973,1590 1037,1590 1100,1589 1164,1589 1228,1588 1291,1587 1355,1587 1419,1586 1482,1586 1546,1585 1610,1584 1674,1584"/>
                <TextEquiv>
                    <Unicode>consequentia tenet. et antecedens patet. quia ita videtur quilibet homo intelligentiam istam</Unicode>
                </TextEquiv>
            </TextLine>
            <TextLine id="r1l16" custom="readingOrder {index:15;}">
                <Coords points="403,1707 466,1706 529,1705 592,1704 655,1703 718,1702 781,1701 844,1700 907,1699 970,1698 1033,1697 1096,1697 1159,1696 1222,1696 1285,1695 1348,1695 1411,1695 1474,1695 1537,1695 1600,1696 1664,1696 1664,1633 1600,1633 1537,1632 1474,1632 1411,1632 1348,1632 1285,1632 1222,1633 1159,1633 1096,1634 1033,1634 970,1635 907,1636 844,1637 781,1638 718,1639 655,1640 592,1641 529,1642 466,1643 403,1644"/>
                <Baseline points="403,1686 466,1685 529,1684 592,1683 655,1682 718,1681 781,1680 844,1679 907,1678 970,1677 1033,1676 1096,1676 1159,1675 1222,1675 1285,1674 1348,1674 1411,1674 1474,1674 1537,1674 1600,1675 1664,1675"/>
                <TextEquiv>
                    <Unicode>propositionem. omnis ille homo est animal et ille currit. Respondeo negando. que ille equiva</Unicode>
                </TextEquiv>
            </TextLine>
            <TextLine id="r1l17" custom="readingOrder {index:16;}">
                <Coords points="402,1800 465,1800 528,1799 591,1798 654,1796 718,1794 781,1793 844,1791 907,1789 970,1788 1034,1786 1097,1784 1160,1783 1223,1782 1286,1781 1350,1780 1413,1779 1476,1779 1539,1779 1602,1780 1666,1781 1666,1718 1602,1717 1539,1716 1476,1716 1413,1716 1350,1717 1286,1718 1223,1719 1160,1720 1097,1721 1034,1723 970,1725 907,1726 844,1728 781,1730 718,1731 654,1733 591,1735 528,1736 465,1737 402,1737"/>
                <Baseline points="402,1779 465,1779 528,1778 591,1777 654,1775 718,1773 781,1772 844,1770 907,1768 970,1767 1034,1765 1097,1763 1160,1762 1223,1761 1286,1760 1350,1759 1413,1758 1476,1758 1539,1758 1602,1759 1666,1760"/>
                <TextEquiv>
                    <Unicode>leant. s. omnis hoc est animal. et ille currit. et omnis hoc est animal. et omnis hoc currit</Unicode>
                </TextEquiv>
            </TextLine>
            <TextLine id="r1l18" custom="readingOrder {index:17;}">
                <Coords points="404,1887 466,1887 529,1887 592,1886 655,1885 718,1884 780,1882 843,1881 906,1879 969,1878 1032,1876 1094,1875 1157,1873 1220,1872 1283,1871 1346,1870 1408,1870 1471,1870 1534,1870 1597,1871 1660,1873 1660,1809 1597,1807 1534,1806 1471,1806 1408,1806 1346,1806 1283,1807 1220,1808 1157,1809 1094,1811 1032,1812 969,1814 906,1815 843,1817 780,1818 718,1820 655,1821 592,1822 529,1823 466,1823 404,1823"/>
                <Baseline points="404,1866 466,1866 529,1866 592,1865 655,1864 718,1863 780,1861 843,1860 906,1858 969,1857 1032,1855 1094,1854 1157,1852 1220,1851 1283,1850 1346,1849 1408,1849 1471,1849 1534,1849 1597,1850 1660,1852"/>
                <TextEquiv>
                    <Unicode>immo hec propositio. ille currit equivalet huic. homo currit. iuxta prius dicta. Ad</Unicode>
                </TextEquiv>
            </TextLine>
            <TextLine id="r1l19" custom="readingOrder {index:18;}">
                <Coords points="402,1979 465,1978 528,1977 592,1976 655,1975 719,1974 782,1972 845,1972 909,1971 972,1970 1036,1969 1099,1968 1162,1968 1226,1967 1289,1967 1353,1967 1416,1967 1479,1967 1543,1967 1606,1968 1670,1969 1670,1906 1606,1905 1543,1904 1479,1904 1416,1904 1353,1904 1289,1904 1226,1904 1162,1905 1099,1905 1036,1906 972,1907 909,1908 845,1909 782,1909 719,1911 655,1912 592,1913 528,1914 465,1915 402,1916"/>
                <Baseline points="402,1958 465,1957 528,1956 592,1955 655,1954 719,1953 782,1951 845,1951 909,1950 972,1949 1036,1948 1099,1947 1162,1947 1226,1946 1289,1946 1353,1946 1416,1946 1479,1946 1543,1946 1606,1947 1670,1948"/>
                <TextEquiv>
                    <Unicode>probationem quando dicitur quodlibet homo videtur iam sic intelligere. Dico que non unum est ita in qui</Unicode>
                </TextEquiv>
            </TextLine>
            <TextLine id="r1l20" custom="readingOrder {index:19;}">
                <Coords points="400,2069 463,2067 526,2065 590,2063 653,2061 717,2059 780,2058 843,2057 907,2056 970,2055 1034,2054 1097,2054 1160,2053 1224,2053 1287,2053 1351,2053 1414,2052 1477,2052 1541,2052 1604,2052 1668,2052 1668,1991 1604,1991 1541,1991 1477,1991 1414,1991 1351,1992 1287,1992 1224,1992 1160,1992 1097,1993 1034,1993 970,1994 907,1995 843,1996 780,1997 717,1998 653,2000 590,2002 526,2004 463,2006 400,2008"/>
                <Baseline points="400,2049 463,2047 526,2045 590,2043 653,2041 717,2039 780,2038 843,2037 907,2036 970,2035 1034,2034 1097,2034 1160,2033 1224,2033 1287,2033 1351,2033 1414,2032 1477,2032 1541,2032 1604,2032 1668,2032"/>
                <TextEquiv>
                    <Unicode>busdam. hoc est propter malam instructionem cum existentia. que super restringit intellectum ad</Unicode>
                </TextEquiv>
            </TextLine>
            <TextLine id="r1l21" custom="readingOrder {index:20;}">
                <Coords points="410,2171 464,2172 519,2172 573,2172 628,2172 683,2171 737,2170 792,2169 846,2168 901,2166 956,2165 1010,2164 1065,2162 1119,2161 1174,2161 1229,2160 1283,2160 1338,2160 1392,2160 1447,2161 1502,2162 1502,2098 1447,2097 1392,2096 1338,2096 1283,2096 1229,2096 1174,2097 1119,2097 1065,2098 1010,2100 956,2101 901,2102 846,2104 792,2105 737,2106 683,2107 628,2108 573,2108 519,2108 464,2108 410,2107"/>
                <Baseline points="410,2150 464,2151 519,2151 573,2151 628,2151 683,2150 737,2149 792,2148 846,2147 901,2145 956,2144 1010,2143 1065,2141 1119,2140 1174,2140 1229,2139 1283,2139 1338,2139 1392,2139 1447,2140 1502,2141"/>
                <TextEquiv>
                    <Unicode>capiendum. relativum in eadem suppositione qua suum antecedens supponit</Unicode>
                </TextEquiv>
            </TextLine>
            <TextEquiv>
                <Unicode>confirmatur sic nam certum est que Iy suum. sic supponit in ista propositione&#13;
homo equitat omnem suum asinum iii asinum stat determinate. suum vero confuse&#13;
distributive. Et ex ista regula sequitur primo. que licet antecedens supponat&#13;
aliqua suppositione non oportet relativum supponere eadem suppositione&#13;
omnimode patet hoc per regulam positam. Secundo sequitur. que Relativum&#13;
supponit aliter et aliter propter additionem aliorum et aliorum signorum vel abla-&#13;
tionem eorundem. patet hoc. nam relativum supponit confuse distributive.&#13;
propter negationem precedentem antecedente supponente determinate ergo. Sequitur&#13;
tercio. que apposito signi universalis. in relativis facit mutationem suppositionis. unum&#13;
valde refert dicere. hoc est animal. et ille currit. et hoc est animal et omnis ille currit:&#13;
Nam Iy ille in prima supponit determinate pro hominibus. et in secunda propter&#13;
appositionem signi distributivi. supponit confuse distributive. Sed contra&#13;
diceres. nam idem est dicere. omnis hoc est animal. et ille currit. sicut dicere omnis hoc&#13;
est animal. et omnis homo currit. igitur Iy ille supponit. eodem modo sicut suum antecedens&#13;
consequentia tenet. et antecedens patet. quia ita videtur quilibet homo intelligentiam istam&#13;
propositionem. omnis ille homo est animal et ille currit. Respondeo negando. que ille equiva&#13;
leant. s. omnis hoc est animal. et ille currit. et omnis hoc est animal. et omnis hoc currit&#13;
immo hec propositio. ille currit equivalet huic. homo currit. iuxta prius dicta. Ad&#13;
probationem quando dicitur quodlibet homo videtur iam sic intelligere. Dico que non unum est ita in qui&#13;
busdam. hoc est propter malam instructionem cum existentia. que super restringit intellectum ad&#13;
capiendum. relativum in eadem suppositione qua suum antecedens supponit</Unicode>
            </TextEquiv>
        </TextRegion>
    </Page>
</PcGts>
