1802 2554
433 305 1697 350 Talis autem Suppositio simplex est
443 397 1677 439 triplex. materialiter. s. personaliter et simplex.
427 454 1688 497 Materialis est acceptio termini pro suo significato non ultimato vel pro suis significatis
438 503 1686 546 non ultimatis. Pro quorum noticia Mar. ponit talem distinctionem. duplex est
434 554 1684 599 significatum termini. s. ultimatum. et est quod terminus significat ad placitum ultimate. vel
440 604 1680 648 naturaliter. proprie cuiusmodi est animal rationale vel conceptus obiectivalis
433 651 1688 695 eius. respectu istius termini hoc. Unde dicit Mar. significatum ultimatum est res
439 700 1678 742 ad extra. id est significatum ad placitum. vel terminus naturaliter proprie aliquod significans
433 748 1679 793 Ex tale est duplex. s. adequatum. et inadequatum. adequatum est quod terminus primo
436 798 1680 844 et immediate significat. ut humanitas. respectu Iy homo. vel conceptus obiectivalis ade-
430 848 1677 893 quatus humanitati: inquantum homini id est cum precisione a suppositis suis
430 897 1677 940 sumpte. Sed inadequatum est quod terminus significat. propter sui significati adequati in-
437 945 1679 988 clusionem essentialem. ut Iy fortes est significatum inadequatum Iy homo. et non modo ipsum verum
434 991 1687 1039 et alios homines particulares significat Iy homo. et pro tanto dicitur inadequatum. Aliquid est significatum ter
431 1043 1681 1088 mini. non ultimatum. et est ipsemet terminus. vel sibi similis in mente. in scripto
433 1095 1685 1136 vel in voce. ut Iy homo significat. hoc simile homo. in voce vel in scripto. vel etiam noticiam
429 1143 1683 1183 huius termini homo. Corollarie sequitur. quod iste terminus ens. significat se
431 1191 1683 1233 conceptu ultimato. et conceptu non ultimato. patet. Nam ille terminus ens
431 1242 1677 1282 significat ad placitum ultimate. omne id quod est quocumque modo. et cum ipsemet sit quoddam
430 1291 1689 1333 existens. ergo seipsum significat ad placitum ultimate. Iy ens etiam conceptu speciali si
427 1338 1673 1380 gnificat se precise. et suum quodlibet simile. naturaliter communiter. et ita significat. se non
439 1387 1675 1429 ultimate. Ex hoc dicitur idem potest esse significatum ultimatum et non ultimatum: sub alia
428 1437 1675 1477 tamen et alia ratione formali patet et dictis. Et pro noticia supponentis mate-
425 1486 1673 1527 rialis ponitur talia Regula. Omne subiectum respectu alicuius predicati sum
426 1533 1675 1576 ptum. convenientis subiecto precise pro suo significato non ultimato. tale subiectum
425 1586 1681 1626 supponit materialiter ut homo est nomen. Iy nomen convenit termino pro se et sibi si
429 1635 1676 1675 mili. Iy homo ergo supponit materialiter. Corollarie sequitur. quod supponens
431 1682 1681 1723 personaliter potest restringere alium ad supponendum materialiter patet. de Iy nomen
429 1730 1681 1772 Unde ad cognoscendum suppositionem in genere semper videndum est predicati si. quod si
429 1779 1675 1821 convenit subiecto pro suo significato ultimato. et hoc vel adequato. et sic supponit
429 1830 1681 1870 simpliter vel in adequate. et sic supponit prosonaliter. sin autem predicatum convenit
422 1884 1672 1918 subiecto pro suo significato non ultimato. et sic subiectum supponit materialiter. et pro
426 1927 1480 1968 pter hoc tali subiecto additur hoc signum materialitatis. s. Iy
427 2010 1677 2050 Secundo notandum. quod Suppositio
432 2069 1672 2111 Personalis. est acceptio termini pro suo significato ultimato inadequato. ut homo
430 2122 1678 2166 est animal. Iy homo supponit pro suo significato ultimato inadequato. socrate etcetera
