1847 2582
456 311 1725 351 nalis. Suppositio communis determinata materialis. est acceptio termini
454 401 1721 441 in propositione. pro suo significato non ultimato. aut pro suis significa-
458 489 1722 528 tis non ultimatis disiunctive. de quo vel de quibus talis terminus veri-
450 579 1725 620 ficatur mediante copula talis propositionis. ut amo est verbum. Iy amo
454 667 1712 711 supponit distributiue. pro quo suo significato non ultimato. quia sequitur amo
453 763 1691 798 est verbum. igitur hoc amo est verbum vel hoc amo est verbum etceteriis.
462 855 1723 899 Nota que terminus dicitur stare disiunctive. quando contingit sub eo descen-
457 945 1724 986 dere ad sua singularia. per propositionem disiunctivam. Suppositio com
462 1049 1708 1090 munis determinata personalis. est acceptio termini in propositione pro suo
457 1143 1716 1185 significato ultimo. vel suis significatis ultimatis disiunctive. de quo vel de quibus
462 1241 1707 1283 talis terminus verificatur mediante copula talis propositionis. ut homo
462 1333 1721 1378 est currens. Suppositio confusa dividitur. quedam est confusa tamen. et quidam
466 1424 1712 1471 confusa distributiva. Suppositio confusa tamen. est acceptio termini propo-
458 1521 1718 1565 sitione. pro aliquo vel pro aliquibus. de quo vel de quibus talis terminus veri
450 1618 1713 1663 ficatur mediante copula talis propositionis disiunctum. ut tamen animal est homo. Iy animal
450 1706 1713 1751 supponit confuse tamen. Notandum que terminus dicitur stare disiunctim. quoniam sub eo
450 1796 1710 1835 contingit descendere ad sua supposita. per propositionem de disiuncto extremo. ut
452 1888 1706 1929 omnis hoc est animal. ergo omnis homo est hoc animal vel hoc animal. et sic de singulis. Sup
450 1975 1703 2015 positio confusa tamen dividitur. quedam est materialis. quedam personalis. Suppo-
457 2060 1707 2103 sitio confusa tamen materialis. est acceptio termini in propositione. pro aliquo
450 2140 1685 2193 significato non ultimato. vel pro aliquibus suis significatis non ultimatis disiunctim
