1822 2580
437 284 1687 333 quod termini precise in propositione supponunt actu. et nullo modo extra pro
441 332 1685 382 positionem. Tum quia ad veritatem et falsitatem enunciationum habendam in-
436 381 1694 430 venta est suppositio. Terminis autem extra propositionem non convenit veritas vel
436 429 1694 478 falsitas enunciationum. quare. Tum quia passio et subiectum sunt adequata
437 478 1698 526 primo posteriorum. et ita numquam datur ratio unius in aliquo ubi non daretur
440 526 1691 575 alterius. Sed subiectum et predicatum solum dantur in enunciationibus primo
441 574 1689 625 priorum. Terminus inquit philosophus est in quem resolvitur propositio. ut in pre-
442 623 1681 672 dicatum et subiectum apposito. esse vel non esse. id est copula mediante affir-
440 671 1687 725 mata vel negata. Posset tamen concedi quod termini extra propositionem supponant
444 721 1686 772 potentia. quia nati sunt esse in propositione. aliquo locante eos. et ita actu
436 771 1690 819 supponent. Dicit quarto Mar. pro aliquo ab includendum terminos sin-
437 821 1679 870 gulares. qui supponunt pro aliquo id est pro una re singulari. Dicit quinto pro
439 867 1694 918 aliquibus propter terminos communes. et terminos collectivos tales enim pro
444 916 1677 967 pluribus nati sunt accipi. Dicit sexto. de quo vel de quibus etcetera. id est de cuius
440 965 1683 1012 significati pronomine vel nomine adequate significante rem. pro qua talis supponit terminus
442 1013 1691 1061 vel de quibus id est de quorum significatorum pronominibus vel nominibus ade-
445 1062 1691 1111 quate talia significata significantibus. talis terminus verificatur. id est affirmative
442 1109 1690 1162 et vere enunciatur. Et dicitur notanter de pronomine etcetera. ad innuendum quod non
442 1157 1691 1209 requiritur termini supponentis verificatio de significato termini. ad extra. quia tali-
448 1207 1691 1261 bus non utimur in suppositionibus. quemadmodum nec in disputationibus
442 1257 1681 1309 primo Elencorum. sed sufficit verificatio de pronomine demonstrante si-
439 1305 1689 1354 gnificatum termini ad sensum id est potentie alicui significative. vel ad intellectum
444 1351 1689 1403 id est ostensio significati termini potentie intellective. ut homo est animal Iy homo supponit
449 1398 1685 1452 quia natus est verificari de pronomine ad sensum vel ad intellectum significatum ly homo
444 1447 1687 1503 ostendente. sic hoc est homo Socrate demonstrato. Et notanter abiectum est vel de
433 1498 1695 1553 nomine etcetera propter istam. Ens quod non est demonstratum legit subiectum supponit
445 1545 1683 1601 pro re non demonstrata ut Nicolao. ne ergo fiat enunciationis que vera
442 1596 1689 1652 est falsificatio. debet subiecti de termino Nicolaum significantem esse verificatio.
445 1646 1693 1700 dicendo Nicolaus est ens non demonstratum. Dicit ultimo mediante
445 1695 1689 1745 copula talis propositionis vel etiam mediante copulare respectu cuius ter
443 1742 1691 1793 mini eque ample et eque stricte sumantur. primum patet. secundum in ista appa
439 1791 1686 1842 ret. s. creans necessario est deus. que propter veritatem salvandam enun-
443 1840 1682 1892 ciationis sic verificatur. hoc possibiliter est creans. et non sic hoc necessario
440 1886 1686 1943 est creans quia tunc veritas catholica non staret. immo Machometistica falsi-
440 1934 1688 1993 tas. Aver. s. et Avicenna. dicit enim Sco. in de primo principio. propositione. v.
442 1982 1689 2043 capituli quarti. primum causans quicquid causat contingenter causat. Et viij. dis.
433 2032 1692 2092 primi. q. iiij. habet similem sententiam. diffinitio itaque est bona suppositionis.
451 2118 1685 2179 Notandum secundo. que homo in ista
