1752 2619
702 185 1576 266 Liber Primus
608 260 1716 352 quantitatibus sunt. Alia vero in qualitatibus sunt solum
604 353 1716 451 de quibus demonstratur per communia. Amplius principio
600 448 1714 547 rum non multum minora sunt conclusionibus. principia enim
607 543 1712 645 quidem ꝓpositiones. ꝓpositiones enim assumpti termini. aut
602 637 1712 742 immissi sunt adhuc conclusiones infinite sunt termini autem
592 730 1716 837 finiri. Amplius principia hec quidem ex necessitate. Alia aute~
598 827 1710 935 contingentia sunt. Sic igitur in intento~e habitis impossibile
596 924 1702 1031 est eadem esse. Necesse est ergo alia esse. aut finita cum infini=
586 1022 1698 1128 te sunt conslusiones. Si vero aliter quoda~modo dicat aliq~s.
590 1118 1696 1224 ꝙ hec quidem geometrie. Alia vero sylogismorum alia vero
588 1212 1700 1321 medicine. quod vtiqʒ erit aliud quod dicitur nisi ꝙ sunt prin=
586 1304 1704 1419 cipia scientiarum. eadem igitur dicere derisio est. qm~ eade~ eis=
584 1398 1704 1517 dem eadem essent. omnia nanqʒ sic erunt eadem. At vero ne=
580 1498 1696 1614 qʒ quod est ex omnibus demonstrare quodlibet horum. Hoc
578 1592 1692 1712 enim est querere omnium eadem esse principia. multum enim
578 1690 1693 1809 insipiens est. Neqʒ enim in manifestis hoc fit dictrinis. neqʒ
578 1784 1692 1908 in resolutione possibile est Immediate enim ꝓpositiones prin
572 1885 1688 2009 cipia sunt. Altera autem conclusio fit accepta pro ꝓpositione
