1716 2631
106 161 1163 255 Posterioru~ Fo. CXXVII
59 242 1171 345 tibus Hi enim quidem veri sunt alijfalsi. Et si nanqʒ sit veru~
56 333 1161 443 est ex falsis sylogisare sed semel hoc fit vt si a de c veruʒ sit. me
60 427 1161 541 dium autem b falsum. neqʒ enim a in b est. neqʒ b in c. Sed
57 522 1151 638 si barum media accipiuntur propositiones false erunt. ex eo
57 620 1159 734 ꝙ omnis conclusio falsa est ex falsis. et vera ex veris. Altere
59 714 1167 831 autem sunt vere et false postea neqʒ false ex eisdem sunt. fal
71 812 1167 927 sas ad inuicem et contrarias. et impossibiles simul esse vt
67 905 1163 1022 iustitiam esse iniustitiam aut timorem et hominem equum
61 1001 1163 1119 aut bouem aut equale maius. Aut minus ex positis auteʒ
61 1095 1163 1214 sic est. Neqʒ enim omnium verorum principia sunt eadem al
63 1190 1155 1314 tera enim multorum genere principia sunt. neqʒ conueniunt ⁊
69 1287 1155 1411 vnitates punctis non conueniu~t he quidem non habent posi
71 1381 1155 1507 tionem Illa autem habent Necesse est autem aut immedia
71 1479 1161 1603 connuenire aut in sursum aut deorsm. Aut interius ha=
71 1573 1165 1700 bere hos illos autem exterius terminorum. Sed neqʒ co~=
66 1667 1157 1798 munium principioruʒ possunt esse aliqua ex quibus om~ia de
61 1761 1163 1895 mostrabuntur. Dico autem co~munia vt om~ia affirmare aut
62 1859 1163 1993 negare. Genera enim eorum que altera sunt et alia quidem in
