7604 10100
881 549 5768 981 circularis et rotunda et est figura sine angulo quocunque ergo continetur circulus
942 796 5931 1200 perfecte continet et in eo non relinquitur aliquid superfluum. Quare concluditur que celum debet
858 1015 5931 1414 esse ex congruentia et decentia figure circularis et rotunde unum et autor dicit in
925 1240 5931 1621 textu Que inter omnes figuras ysoperimetras figura circularis est maxima et ad
841 1453 5926 1851 retinendum capacissima pro quo notandum Que corpus ysoperimetrum est corpus
824 1666 5931 2070 quod est commensurabile figura ysoperimetra. figure autem ysoperimetre sunt qua-
836 1902 5931 2317 tuor. Qualis Piramidalis Columnalis Et circularis. Inter istas autem figu
796 2115 5931 2513 ras ysoperimetrales circularis est principalis et per consequens illa figura con-
1038 2334 5931 2743 gruit corpori celesti quod est omnium corporum principale maximum et dignissimum.
830 2564 5931 2957 Quare concluditur que ista figura circularis congruit et decens est ipsi celo et ne
808 2777 5931 3153 dum toti celo sed et partibus eius. Unde ysoperimetrum dicitur ab ysos grece quod est
813 2968 5931 3372 forma et peri quod est circum et metros mensura quasi corpus maxime commensura
808 3181 5931 3596 bile vel figura maxime et precipue commensurans et hec est circularis. Alii dicunt
841 3439 5931 3832 que ysoperimetrum dicitur ab ysos quod est equale et peri quod est contra vel circa et metros
780 3641 5931 4034 mensura quasi corpus maxime et equaliter circum mensale vel figura maxime et e-
780 3843 5931 4275 qualis commensurationis de ista intepretatione non est magna vis facien-
791 4073 4455 4449 da et communiter dicitur cum constat de re cessat de nomine pugna.
1470 4455 5931 4949 ¶ Necessitas quoniam si mundus esset alterius figure quam
774 4842 5931 5358 rotunde ut trilatere vel quadrilatere vel multilate
774 5223 5836 5717 re sequentur duo impossibilia scilicet que aliquis locus es
796 5627 5886 6177 set vacuus et corpus sine loco quorum utrumque falsum est
785 6031 5067 6475 sicut patet in angulis elevatis et circumvolutis.
1863 6318 5931 6727 ¶ Autor probat tercia Ratione que celum est circularis figure et non figure Tri-
1964 6548 5853 6940 angularis. Quadrangularis Vel multilatere aut alterius figure et est ratio du
1127 6744 5903 7142 cens ad impossibile et si sic sequeretur unum de duobus que ambo impossibilia
2143 6974 5825 7367 sunt aut enim esset locus aliquis vacuus sine corpore et locato aut esset corpus
774 7137 5853 7597 sine loco que ambo impossibilia sunt et contra determinationem aristotelis quar
774 7378 5920 7821 to phisicorum probatur sequela ponamus enim que celum sit triangularis figure supre
774 7625 5869 8046 mus angulus illi trianguli. a. secundus. b. tercius. c. sic moveatur pars celi que est
774 7805 5869 8276 a. usque ad partem celi que vocatur. c. tunc pars celi scilicet. a. erit sine loco et ubi fuit pri
634 8068 780 8304 us pars celi que vocatur a erit vacuum et per consequens celum non potest esse triangu
768 8293 780 8562 laris figure sic etiam si poneretur celum esse quadrangularis figure aut alterius
