7437 10070
1012 413 6110 805 axis spere duo autem puncta axem terminantia di-
1024 693 4129 1018 cuntur poli mundi.
1231 928 6183 1236 ¶ Postquam Magister Ioannes posuit secundam diffinitionem spere iam particulas
979 1191 6183 1432 in diffinitione positas declarat et primo determinat quid est centrum spere Secundo
ostendit quid est axis: et Tertio qui sunt poli mundi. Quid intelligendum sit no
1001 1611 6183 1857 mine centri et in circulo vel quolibet rotundo similiter in instrumento spere
materialis et similiter in spera celesti dictum est in declaratione precedenti nomine
1018 2047 6183 2316 autem axis si volumus loqui in circulo est dyameter circuli qui protractus est
996 2254 6183 2539 ab una parte ad aliam partem circuli licet convenientius vocatur dyameter quia di-
vidit circulum in duas partes equales tamen ut in plurimum unum accipitur pro alio
1012 2696 6183 3009 in corpore autem solido axis est linea transiens et protracta per medium corporis
1057 2931 6183 3205 solidi ut in rota axis est lignum illud in quo moventur rote In corpore sperico
1024 3149 6183 3412 axis est ferrum vel linea ferrea que protracta est per polos instrumenti vel cor
1052 3356 6183 3630 pus spericum et per globum designatem elementum terre vel centrum tocius univer-
979 3580 6183 3848 si sed in spera celesti Axis est linea ymaginaria protracta a polo mundi arti
984 3804 6183 4072 co usque ad polum antarticum quam lineam ymaginamur et transire et protrahi per me
1001 4022 6183 4296 dium terre unum pulchre dixit Marcus mauilius cum locutus est de axi universi
1012 4229 6183 4520 Acta per gelidum  tenuis deducitur axis Sidereus medium circa quem voluitur orbis
1024 4486 6183 4727 Nomine autem poli generaliter intelligitur punctus axis terminans et enim axis est
1024 4682 6183 4928 linea finita nulla linea actu est infinita ex tertio phisicorum oportet que ipsa
1012 4895 6183 5141 ista claudatur terminis que a matematicis et phisicis vocantur puncta terminanti
996 5107 6183 5387 a Quid autem sit intelligendum nomine poli in spera celesti pulchre scribit Petrus
1001 5348 6155 5605 cameracensis in tractatu suo de ymagine mundi in hec verba polus ut in pro
1007 5532 6183 5812 posito loquitur de polo Non est stella nec pars celi stellata sed est punctus in ce-
1001 5773 6183 6014 lo immobilis in quo vertitur et rotatur totus mundus cum punctis sibi opposi-
984 5991 6183 6237 tis quorum unus in parte septentrionis non remote an ursa minor et alter est
968 6209 6183 6450 in parte meridionali in celo sibi opposita plurimi tamen astronomi et videtur ratio-
979 6450 6183 6702 ni esse conforme et consonum: dicunt que polus est illa stella que demonstrat equum
1001 6651 6183 6892 tertium in ursa minori que ursa non est ita magne apparentie sicut ursa maior
1292 6869 6183 7121 propter parvitatem stellarum. Alii dicunt si volumus visu cognoscere stellam quam as
1007 7076 6183 7356 tronomi polum dicunt vel stellarum maris aut nauticam protrahende sunt linee due
1007 7295 6183 7563 recte ab ultimis duabus rotis urse maioris ad minorem et que stella obvia
1018 7513 6183 7770 verit visui de secunda magnitudine hec est stella maris Conclusive tamen dicitur
1040 7737 6060 8016 que polus in spera celesti non est stella nec pars celi stellata sed iuxta et prope stellam
990 7949 6183 8223 tertiam in ursa minori est polus mundi qui est quidam locus et punctus in septen
956 8195 6183 8514 trione in quo cum polo sibi opposito in meridie voluitur et rotatur totus mundus
