7666 10300
1156 618 5896 984 pars et totum sunt eiusdem rationis et denominationis. unum etiam corpus homoge-
841 909 5896 1224 nium ab homos grece quod est idem vel unum et genus generis quasi corpus eius-
812 1138 5896 1424 dem nature et denominationis in toto et etiam in parte dicitur unum corpus homo-
921 1350 5896 1619 genium diffinitur sic est corpus quod in toto et in parte eiusdem nature et deno-
853 1567 5896 1865 minationis. ut ignis cuius quelibet pars est ignis. Tercia proprietas quatu
835 1779 5896 2065 or elementorum est que ex commixtione quatuor elementorum virtute influentie celestis
835 2002 5896 2294 generantur ex ipsis diverse species rerum hoc est suppositorum et rerum proprie enim speci
795 2220 5896 2489 es non generantur secundum enim Aristotilem sexto metaph. Species rerum sunt eterne sed
767 2437 5896 2729 individuorum est generatio et corruptio. ut dicitur i. meth. omnes enim generationes et ac
830 2649 5896 2952 tus sunt singularium et suppositorum. Dicit etiam autor in textu. Que quatuor ele-
835 2861 5896 3181 menta sunt corpora simplicia hoc est intelligendum inquantum simplex opponitur
847 3078 5896 3370 mixto quatuor enim elementa non sunt mixta. sed inquantum simplex opponitur con
893 3301 5896 3599 posito sic quatuor elementa non sunt simplicia: et sunt corpora. modo omne corpus
812 3519 5896 3833 est compositum ex materia et forma. Et etiam elementa possunt dici corpora simplicia
795 3742 5896 4057 motive. et moventur motu simplici. ut levia sursum et gravia deorsum. ut primo
795 3976 3194 4251 celi. motus enim rectus est simplex.
875 4291 5816 4749 Quorum trium quodlibet terram orbiculariter undique
870 4692 5667 5150 circundat nisi quantum siccitas terre humori aque
927 5121 4608 5418 obsistit ad vitam animalium tuendam.
1230 5367 5833 5699 ¶ Autor consequenter ostendit de quatuor elementis quo situm eorum et figu
812 5590 5003 5888 ram et dicit que quodlibet elementum circundat aliud circulariter.
847 5911 5896 6277 Pro intellectu textus. Notandum que principalis causa
812 6202 5896 6517 que Aqua non ex omni parte circumdat terra est propter vitam hominum et animalium hic in
864 6420 5896 6723 mundo habitantium que in aqua vitam habere non possunt. In principio enim creationis
790 6654 5896 6929 mundi ut ostendit Cameracensis in tractatu suo de ymagine mundi tota
841 6860 5896 7135 terra fuit tecta aquis sed postea virtute divina actum est. ut aliqua pars totius
812 7066 5896 7358 elementi terre est liberata ab aquis propter vitam dictum est animalium. Un
835 7284 5896 7599 de et ptholemeus scribit in sapientiis almagesti que quarta pars elementi to
812 7490 5896 7805 cius terre et modicum ultra est libera ab aqua propter vitam animalium. Alii autem di-
818 7747 5896 8028 cunt pure naturaliter loquendo quod hoc est ex parte polorum dicunt enim que polus
841 7936 5896 8268 antarticus attrahit ad se humorem et aquam. Articus vero polus attrahit sic
761 8148 5896 8503 ea et dicunt simile esse in magnete qui in una parte attrahit ferrum et in alia parte
2765 8440 3040 8709 B
