7591 10108
3129 404 4669 814 ¶ Argumentum in dicenda.
1848 718 5652 1083 Cum plurimorum virorum dignorum et in scientia stellarum doctissimorum Commentaria in
943 915 6141 1347 Tractatum spere materialis Magistri Joannis De Sacrobusto diligenti lecti-
932 1134 6169 1544 one revoluerem Quorum alii sufficienti explanatione textus dimissa: alii vero longa
904 1353 6191 1746 narratione studentum ingenia occuparent ut multorum annorum ab eiusdem tractatus spere
910 1589 6146 1982 materialis studio Astrorumque disciplina retraherentur. Ego Magister Ioan
915 1802 6242 2212 nes Glogoviensis ad petita et desiderata plurimorum maxime tamen honestissi-
943 2015 6203 2409 mi viri domini Ioannis Haller Civis Cracoviensis virorum doctorum et generaliter spi
893 2234 6197 2633 ritualium personarum fautoris excelentissimi Introductorium hoc in tractatum spere
materialis magistri Ioannis de Sacrobusto sincero animo recta intentione non in
932 2673 6180 3071 aliorum scribentium deturpationem quinymo in communem studentum utilitatem hoc
949 2903 6180 3285 compendium scribere institui. Nuncquam in nomine Iesu salvatoris benedicti eiusque matris
921 3251 1370 3509 marie virginis Illibate feciliter in hunc modum incipio.
972 3335 6006 3756 ¶ Inquit albumazar vir in scientia stellarum doctissimus
1028 3593 6203 3970 In introductorio suo maiori Differentia prima tractatu primo due sunt species
932 3812 6180 4194 sapientie mirabiles in cognitione et magne in existimatione: Quarum prima est scientia
938 4060 6175 4396 de circulis planetarum et orbibus eorum motibus et accidentibus que eorum ma
1011 4273 6175 4627 gnitudo et quantitatas. Considerat etiam hic pars sapientie prima solis et lune de-
983 4481 6175 4846 fectus ac terre rotunditatem et de eius divisione que causa longitudinis et brevi
983 4694 6214 5054 tatis diei. Quoque mortalium in hoc modo mansio in septem climata est distribu
960 4919 6191 5278 ta. Huic nemo contradicit nisi quo contrarius est veritati et hec communi nomine astro
955 5132 6197 5486 nomia apellatur. Subiungit Albumazar Altera pars sapientie mutationes tem-
983 5334 6169 5716 porum inquirit. Quid etiam applicatio varia in stellis presignat et hec est scientia pre
949 5565 6169 5918 nosticationum per hanc scientiam scitur Quid in hoc mundo de bono aut etiam malo
972 5789 6175 6132 quolibet evenit anno et hec astrologia nominatur: hec Albumazar. In primis
983 6003 6073 6368 itaque harum partium sapientie diffinitiones ponende erunt. et primo astrono
977 6216 6186 6542 mie deinde astrologie. Post hoc earum drn~tie Et ultimo quis astronomie in
1005 6441 6186 6783 ventor fuit in quam astronomia tractatulus iste manuductorius existit quan
983 6665 6175 7019 tum itaque ad primum ptholomeus pheludianus primo quadripartiri capitulo
3961 6890 6051 7165 primo sic diffinit astronomiam.
1029 7216 6172 7379 ¶ Astronomia est scientia Qua duorum luminarium et quinque
1018 7632 6167 7810 planetarum figure sciuntur secundum motum suum In comparatione
1000 7962 2725 8299 unius ad alterum et eorum ad speram terre.
1129 8159 6079 8501 ¶ Dicitur autem astronomia a nomine astrum astri quod signat tantum sicut stella et nor
1191 8384 5674 8777 ma regulaque quasi scientia de motibus et regulis planetarum et stellarum. A
