7691 10091
1610 364 5957 784 tam et obliquam. illi enim dicuntur habere speram rectam
1604 801 6703 1205 qui manent sub equinoxiali circulo si aliqui ibi ma
1610 1194 6703 1614 nere possunt: et dicitur recta quia neuter polorum ma-
1520 1586 6585 1956 gis altero illis elevatur vel quoniam illorum orizon
1581 1978 6681 2433 intersecat equinoxialem et intersecatur ab eodem ad-
1520 2371 4179 2707 angulos rectos et sperales.
1559 2623 6703 2976 ¶ Autor ostendit quomodo spera secundum accidens rectam et obliquam
1520 2831 6703 3206 dividitur et qui homines dicuntur hebere speram rectam. et similiter ostendit quare
1520 3066 5346 3380 dicitur spera recta nam duplici de causa ut patet in textu.
1565 3386 6686 3800 ¶ Pro intellectione textus notandum est primo. Que magister.
1520 3677 6703 4002 Ioannes dicit in textu quot hommines qui habitant sub equinoxiali habent
1531 3873 6703 4221 speram rectam vel dicuntur habere habitationem in spera recta Est magna di-
1537 4109 6703 4434 versitas inter philosophos et astronomos et poetas si subequinoxiali cir-
1537 4305 6686 4630 culo est habitatio hominum. poete dicunt que non. ut Ovidius in primo
1520 4524 6630 4877 metamorphoseos. et Virgilius in Georgicis et dicunt quod ibi est torida zo
1525 4737 6658 5079 na sub qua semper est maximus estus propter quem estum non est habitatio ho
1520 4978 6664 5286 minum Unde dixit Virgilius in primo Georgicorum. Quinqque tenent celum zo
1520 5191 6574 5505 ne: quarum una chorusco semper sole rubens et torrida semper ab igne. et Ovidi
1520 5409 6670 5735 us naso primo metamorphoseos inquit. Quarum media non est habitabi-
1520 5594 6653 5936 lis estu. Astronomi et cosmographi concedunt que sub equinoxiali circulo est
1525 5824 6619 6166 habitatio. immo ut aspicitur in pictura mundi apud Ptholomeum claudium
1520 6048 6613 6351 ante equinoxialem circulum sub eo: et post eum est habitatio maxima hominum et ibi
1520 6250 6686 6598 est insula illa ditissima omnium insularum notabilior taprobana auro argento
1531 6458 6630 6817 elephantibus. et nobilissimis rebus abundans. Et autor theorice communis
1525 6682 6630 7024 Gerhardus de cremona dicit que civitas arim est sub equinoxiali circulo et di
1525 6901 6619 7254 recte in medio mundi distans ab utroque polo. 90. gradibus et a gadibus her
1520 7119 6653 7472 culis que sunt in occidente etiam. 90 gradibus et a gadibus alixti que sunt in oriente. 90
1520 7338 6658 7663 gradibus. Quando autem salvari potest dictum theologorum que volunt que Ierusalem sit immedio
1520 7562 6625 7899 eo que propheta dixit. In medio terre operatus est dominus salutem non spectat ad propo
1520 7775 6630 8201 situm. Que autem ierusalem non sit secundum veritatem in medio ex duobus potest declarari
