7462 10095
1795 431 6687 858 ¶ quarum quidem duo sunt motus. Unus enim celi vel
1699 824 6098 1217 timi super duas axis extremitates. scilicet polum articum
1699 1217 6682 1620 et antarticum ab oriente per occidentem in orientem ite-
1699 1609 6502 2125 rum rediens quem equinoxialis circulus per medium divi-
1699 2002 6614 2445 dit. Est etiam alius motus inferiorum sperarum motus per
1699 2434 6446 2849 obliquum huic oppositus super axes suos distantes a pri
1699 2815 6121 3236 mis xxiii gradibus et. xxxiii. minutis. Sed primus omnes
1699 3163 6682 3785 alias speras secum impetu suo rapit infra diem et noc
1699 3634 6962 4038 tem circa terram semel. Illis tamen contra nitentibus ut
1913 4038 6642 4469 octava spera in centum annis uno gradu hunc siquidem
2395 4441 6721 4868 motum secundum dividit per medium zodiacus. Sub quo qui
1694 4755 6727 5327 libet septem planetarum speram habet propriam in qua de
1699 5170 6384 5681 fertur motu proprio contra ultimi celi motum et in di
2305 5591 6665 6045 versis spaciis temporum ipsum metitur ut saturnus in xxx
1699 6006 6564 6421 annis. Iupitet in duodecim. Mars in duobus annis Sol
2182 6348 6480 6786 in. ccclxv. diebus et fere sex horis. Venus et mercurius fere
2289 6713 6452 7217 similiter Luna vero in viginti septem diebus et octo horis.
1699 7038 6923 7436 ¶ Consequenter autor postquam determinavit de natura substantia et partibus spere
1699 7262 6334 7610 etheree Nunc ostendit quot motus reperiunt in regione celesti et etherea et in partibus suis
1705 7492 6766 7907 Pro intellectu textus. Notandum Que autor in textu
1699 7750 6777 8109 dicit tria. Primo que in spera etherea et celesti et in partibus spere etheree re
1705 7997 6727 8406 periuntur duo motus. primus motus est motus primi mobilis quod
