7029 9604
1996 224 4846 698 Tractatus Primus
549 640 950 917 Natura
475 821 1152 1072 de quibus di
491 1013 683 1275 citur.
Magis tamen forma dicitur natura / quam materia: et saluat res natu-
1174 1168 5128 1472 rales in esse: etiam natura dicitur via in naturam: vt generatio
496 1323 982 1584 Quomodo for
512 1531 1030 1718 ma est ma-
533 1691 875 1883 gis natu
507 1819 1040 2043 ra quam ma-
581 1990 747 2224 teria.
1186 1530 2301 1749 Comparat
2343 1424 5657 1627 formam ad materiam in ratione nature: ad cuius intelligentiam
1467 1515 6105 1782 pono hanc distinctionem. Natura capitur dupliciter. Uno modo
1211 1734 5838 1936 pro denominato seu materialiter: et sic natura non est aliud quam materia et forma: que
1355 1894 5593 2086 sunt substantie non suscipientes magis et minus secundum Aristotelem in predicamentis.
1371 2038 6014 2235 Alio modo capitur pro per se significato seu formaliter: et sic natura nihil aliud est quam
1179 2198 6030 2406 actus naturandi seu principiandi motum: et quia principiare motum seu inclinare
1195 2352 6036 2545 mobile ad determinatum motum magis conuenit forme quam materie: vt dictum est
1163 2491 6153 2689 circa textum precedentem: ideo forma dicitur esse magis natura quam materia. Cuius
1184 2630 6164 2827 etiam probationem auctor subiungit: quia forma saluat. i. conseruat rem in esse magis quam
1216 2790 6169 2982 materia: quia res per materiam solum est in potentia: per formam vero simpliciter est et
1216 2939 6052 3131 in actu: lignum enim habens formam in se lectuli dicitur simpliciter lectulus: sine forma
1195 3073 5860 3286 autem non dicitur lectulus nisi in potentia. Postea auctor subiungit que natura etiam
1200 3244 6201 3436 dicitur de generatione: ita que generatio dicitur natiuitas: propter hoc / quia via qua
1211 3393 6271 3596 peruenitur in naturam. in. formam. Apud Aristo. iste textus ponitur ad probandum que na-
1195 3548 6260 3750 tura dicitur forma. Arguit enim sic Aristo. quasi a minori: si natura dicitur de genera
1184 3702 5080 3905 tione: eo que ipsa est via formam: multo magis dicetur de forma.
549 3926 1083 4236 Differen-
539 4172 1152 4385 tia natu-
549 4305 1152 4524 ralium ab
571 4465 1094 4689 artificiali
576 4636 837 4855 bus.
1152 4012 4888 4327 Et differunt naturalia ab artificialibus: quia naturalia inquan
1174 4476 5347 4802 tum homini/habent in se principium mouendi quiescendi: Ar-
1222 4866 2748 5164 tificalia vero non.
613 6589 944 6861 Motus na
597 6818 1046 7005 turalis.
587 6962 987 7160 Uiolentus
613 7128 1083 7517 Neutra-
575 7328 918 7443 lis.
1198 5180 2122 5412 Ponit
2049 5063 5497 5303 differentiam naturalium ab artificialibus. Pro cuius declaratione no
1419 5196 6249 5474 ta primo que cum natura dicatur de materia et forma: sequitur que natu-
1248 5399 6014 5607 ralia dicuntur entia composita ex materia et forma substantiali: vt sunt omnia ani-
1211 5564 6068 5751 malia et partes integrales ipsorum: plante / elementa et corpora ex his mixta: vt dicit
1467 5714 5886 5911 Aristoteles in principio secundi physicorum. Et ex hoc patet differentia inter naturam
1238 5842 6207 6061 et naturalia. Nam vt iam dictum est: natura est illud principium in rebus a quo incli
1222 6018 6201 6210 nantur ad motum determinatum. Naturalia vero dicuntur habentia in se naturam a
1206 6167 6025 6354 qua inclinatur ad motus determinatos. Non omnia enim naturalia habent in se prin
1227 6311 5758 6514 cipium cuiuscunque motus: sed aliqua habent principium motus localis / vt celum: ali-
1232 6461 6111 6669 qua augmenti et decrementi / vt viventia et cetera. Et propter hoc et hi motus ad quos incli
1254 6600 6239 6818 nat natura. i. que fiunt secundum inclinationem nature / dicuntur naturales: sicut illi qui sunt
1227 6749 6260 6952 contra inclinationem nature dicuntur violenti. Motus enim grauium deorsum: quia est secundum
1248 6909 5726 7101 inclinationem nature grauium / dicitur naturalis: motus vero sursum et est contra incli
1216 7048 6180 7256 nationem eorum / dicitur violentus. Ille autem motus qui neque est secundum naturalem inclinatio-
1227 7203 6148 7411 nem neque est contra inclinationem / dicitur neutralis: vt patet de motu progressiuo ani
1238 7363 5860 7555 malium: de quibus motibus magis dicetur in capitulo de motu. Ex quibus facile in-
1259 7501 5902 7715 telligitur differentia quam habent naturalia ab artificalibus. Nam naturalia inquantum
1232 7651 6233 7869 naturalia: hoc est / ratione nature a qua dicuntur naturalia / inclinantur ad aliquem
1275 7805 6169 8019 motum: artificalia vero ratione forme artis a qua dicuntur formaliter artificalia / nul
1243 7955 6143 8147 lam habent inclinationem ad motum. Si autem inclinantur artificalia ad motum deorsum
1275 8110 6276 8291 hoc non est inquantum artificalia: sed et sunt lignea lapidea vel ferrea aut homini.
1435 8254 5721 8616 ¶ Ad cuius differentie intelligentiam nota secundo: que et natura secundum Sco. j. q. prologi
