6862 9570
1659 202 4223 638 Tractatus Primus
1026 770 5670 1174 ri: et ipsum vacuum esse est impossibile: quo tamen supposito
1058 1260 6026 1605 nec motus naturalis / nec animalis / nec violentus in ipso pos-
1058 1706 2622 2036 set fieri naturaliter.
962 2013 1764 2422 Post
1835 2015 4851 2233 tractatum de loco / incipit autor tractare de vacuo: quoniam vacuum est quidam
1212 2126 5665 2387 locus. Et duo facit. Primo ponit hanc diffinitionem vacui: Uacuum est
1042 2344 6165 2546 locus etcetera. i. locus in quo non est actu corpus: sed aptum natum est esse. Secundo ponit no-
1047 2493 5909 2695 tabile: in quo tangit duo ad intentionem Aristo. iiij. physi. Primum que impossibile est
1063 2658 6042 2844 esse vacuum: et hoc potest intelligi dupliciter. Uno modo de impossibili secundum naturam: ita que
1074 2807 6133 3014 per potentiam naturalem non potest esse vacuum: et sic est verum quod dicitur. Alio modo potest
1085 2956 6101 3158 intelligi de impossibili simpliciter: sic que implicet contradictionem vacuum esse: vel que per
1058 3110 5377 3306 nullam potentiam etiam diuinam possit poni vacuum: et sic est falsum. Prima pars pa
1053 3259 6042 3466 tet sic: Nam propter ordinem vniuersi que consistit in contiguitate eius partium / que contiguitas non sal
1053 3402 5941 3615 uaretur posito vacuo: inter easdem partes natura vniuersalis sic abhorret vacuum: vt
1058 3556 6058 3769 moto localiter vno corpore / statim in locum eius succedit aliud: etiam si debet moueri
1074 3695 5952 3913 contra inclinationem nature proprie. Unde ne fiat vacuum / quinque grauia ascedunt: vt patet
1090 3854 6058 4067 de ductu aque per fistulas cannalium ad loca altiora: quinque etiam grauia quiescunt in aere sine
1058 4008 5542 4210 aliquo ea retinente: vt patet de clepsidra repleta aqua: que si eleuetur in aerem bene clau-
so foramine superiori / aqua non effluit per foramina inferiora. Per naturam autem vniuer
1063 4301 6106 4508 salem non solum intelligo causas vniuersales / vt deum vel celum: sed intelligo totum ordi-
1058 4471 6122 4668 nem entium vniuersi / tam superiorum quam inferiorum. Que autem non implicet contradictionem esse va
1063 4614 6133 4800 cuum per potentiam diuinam / est sententia Sco. in. iiij. dist. xliij. q. v. et. in. q.q.xj. ⁊ probatur
1058 4769 5713 4971 sic: Nam si deus subito faciat ex magno corpore paruum: et relinquat aerem circumstantem
1074 4917 6080 5125 nature proprie: cum natura non possit mouere in instanti aerem circumstantem / vt subito ap
1079 5061 5856 5274 plicetur lateribus illius corporis parui: necessario ibi erit vacuum ad tempus: quousque natura
1101 5205 6021 5417 applicaret aerem circumstantem lateribus illius corporis parui. Secundum quod tangitur in tex.
1090 5364 5404 5561 est: que dato que sit vacuum / in illo nullus motus posset fieri. Cuius causa est secundum Aristo.
1085 5518 6234 5720 in. iij. physi. quia si motus fieret per vacuum: sequeretur que ille motus fieret in non tem-
pore seu in instanti. Consequens est falsum: quoniam omnis motus fit in tempore. Sed
1090 5816 5957 6013 consequentia probatur: quia successio in motu prouenit ex resistentia medij: et ideo quanto
1101 5975 5558 6156 medium minus resistit / tanto motus fit velocior seu in minori tempore: ceteris pari
1106 6119 6042 6310 bus. Sed vacuum nihil resistit: ergo si motus fieret in vacuo / cum ibi nulla sit resi-
stentia medij: motus ille fieret in instanti. Sed quia non sola resistentia medij est cau
1085 6422 5691 6613 sa successionis motus: vt etiam antea tactum est circa illum textum / motus non fit in instan
1095 6571 5707 6773 ti. Nam vt dicit Sco. in. ij. dist. ij. q. ix. motus habet diuisibilitatem et successionem
1101 6730 6197 6938 essentialem ex diuisibilitate spacij: quia omne mobile motum a virtute finita neces-
1079 6869 5830 7076 sario prius pertransit vnam partem spacij quam aliam: sed vltra illam successionem essen
1085 7023 5548 7220 tialem potest addi motui velocitas vel tarditas / que prouenit ratione subtilitatis
1079 7166 5893 7368 medij vel densitatis. Cum itaque diuisibilitas spacij per quod fit motus / sit essenti-
1101 7331 6085 7507 alior causa successionis motus quam medij resistentia: ideo dico ex sententia Sco. que
1101 7475 5681 7671 si esset vacuum / posset in ipso esse motus etiam successiuus / loquendo de successione
1127 7640 6181 7804 essentiali: sed nullam haberet velocitatem aut tarditatem accidentalem / quam ha-
1143 7767 6085 7953 beret in pleno: et per hoc soluitur autoris nostri et philosophi. Uoluit esse
1111 7916 6101 8113 Aristo. probare: que nullus motus potest esse in vacuo / habens velocitatem aut tardi
1127 8076 5755 8262 tatem superadditam successioni essentiali. Unde et angelus cum mouetur plenum motus
1111 8224 5548 8581 eius est successiuus: et tamen certum est que illa successio non prouenit ex resistentia
372 2450 930 2764 Quomodo
409 2706 941 2897 vacuum esse
393 2860 941 3094 est impossi-
388 3009 670 3221 bile.
436 5236 936 5593 Utrum mo
388 5561 1000 5747 tus possit
388 5726 1000 5949 esse in va-
404 5869 585 6092 cuo.
409 6544 893 6794 Duplex
404 6746 914 6964 successio in
404 6916 819 7150 motu.
