6920 9575
1980 244 5056 686 Tractatus Primus
1165 601 6201 904 non producit: accidit aut ex defectu virtutis eius / aut ex aliquo impedimento / aut
1213 824 6217 1047 propter concurrentiam alterius agentis intendentis producere in eadem materia
1160 973 6169 1207 aliud. Tradit enim Ptolomeus. iij. et iiij. quadripartiti: que sunt alique constellatio-
1208 1117 6249 1351 nes sub quibus figura humana in materiam introduci non potest. Unde tunc homo
1192 1271 6142 1489 conceptus figuram bestialem acquirit: verumtamen natura intendens hominem remittet
1197 1420 6313 1633 de illa figura bestiali quantum poterit: ex illa igitur concurrentia a gentiun opposi-
1197 1574 5956 1824 ta intendentium / producetur monstrum quod neutrum illorum agentium per se intenderat.
606 1776 1096 2037 Diffini-
558 1984 1053 2340 tio motus.
1181 1893 2385 2783 M
2459 1909 5780 2250 Otus est actus entis in potentia secundum que homini.
2432 2377 5892 2665 Item motus est actus imperfectus. Etiam motus
1224 2829 6052 3149 est prima perfectio eius quod est in potentia. Hoc sic patet:
1213 3271 6254 3627 hoc quod est in potentia duplicem habet potentiam: vnam respe-
1192 3739 6137 4048 ctu motus: aliam respectu formę quę acquiritur per motum. Est enim
1240 4170 6281 4505 motus actus quo existente adhuc remanet aliquid eius. For
1208 4617 6057 4957 ma autem quę acquiritur per motum est perfectio qua existen-
1213 5090 3060 5356 te nihil remanet ipsius.
1163 5420 1844 5594 Hec
1852 5314 6249 5542 est tertia pars principalis: in qua autor incipit determinare de passio-
1320 5420 6254 5681 nibus rerum naturalium. Et primo de motu: qui est adequata passio
1213 5633 6281 5824 rerum naturalium. Secundo de quiete / motui opposita. Tertio de infinito: quod
est passio intrinseca motus / sicut et aliorum continuorum. Et hec pars licet princi-
1261 5947 5993 6128 paliter correspondet tertio libro physicorum Aristo. tamen in ea multa
ta sunt ex quinto / sexto / et septimo: vt locis suis annotabitur. ¶ Tractatus autem
1218 6239 6068 6436 autor noster de motu duo facit: primo ipsum diffinit tribus diffinitionibus: secun
1224 6383 6265 6590 do eius assignat varias proprietates. Prima diffinitio sic exponitur: Motus scilicet
1245 6537 6254 6750 generaliter captus vt se extendit ad omnem mutationem naturalem / est actus
1240 6686 6201 6894 .i. perfectio: entis in potentia. i. mobilis: inquantum huiusmodi. i. inquantum est in
1250 6840 6265 7048 potentia: vt calefactio est actus calefactibilis secundum que calefactibile. Additur expo-
1229 7011 6174 7181 nendo / generaliter captus: nam motus hic non diffinitur / vt distinguitur contra mu-
1208 7149 6281 7351 tationem. Unde Sco. xij. dis. ij. q. j. dicit que Aristo. indistincte et in vniuersali lo-
1213 7298 6265 7484 quitur de motu vsque ad. v. phy. vbi distinxit motum a generatione et corruptione.
1245 7431 6142 7638 In diffinitione autem ponitur primo actus pro genere: et capitur large pro omni perfectio-
1224 7606 6089 7782 ne a qua aliquid denominatur formalitet tale. Secundo cum dicitur / entis in potentia. i. mobilis
1192 7723 6047 7957 tangitur proprium subiectum motus: quod licet sit secundum se in actu: tamen est in potentia et ad motum et
1218 7878 6259 8085 ad formam terminantem motum: vt etiam autor dicit statim post diffinitiones. Ultimo ad
1208 8037 6259 8239 ditur / inquantum homini. i. inquantum est in potentia: quod specificat rationem mobilis secundum quam motus
1197 8202 6238 8548 est eius actus: et cum mobile sit secundum se in actu et in potentia ad aliquod: motus est actus eius con-
