<?xml version='1.0' encoding='UTF-8'?>
<PcGts xmlns:xsi="http://www.w3.org/2001/XMLSchema-instance" xmlns="http://schema.primaresearch.org/PAGE/gts/pagecontent/2019-07-15" xsi:schemaLocation="http://schema.primaresearch.org/PAGE/gts/pagecontent/2019-07-15 http://schema.primaresearch.org/PAGE/gts/pagecontent/2019-07-15/pagecontent.xsd"><Metadata><Creator>prov=University of Rostock/Institute of Mathematics/CITlab|PLANET AI GmbH/Tobias Gruening/tobias.gruening@planet-ai.de:name=/net_tf/LA73_249_0mod360.pb:de.uros.citlab.segmentation.CITlab_LA_ML:v=2.6.7
Transkribus</Creator><Created>2022-05-16T13:42:33</Created><LastChange>2022-12-22T20:58:22</LastChange><Comments>
                Measurement unit: pixel
                PrimaryLanguage: 
                Producer: Transkribus
            </Comments></Metadata><Page imageFilename="16526980418888bsb10981020-0068.jpg" imageHeight="9583" imageWidth="6933"><ReadingOrder><OrderedGroup caption="Regions reading order" id="ro_1671739102692"><RegionRefIndexed index="0" regionRef="TextRegion_1653421790421_601"/><RegionRefIndexed index="1" regionRef="TextRegion_1653421794543_607"/><RegionRefIndexed index="2" regionRef="region_1653421808292_619"/><RegionRefIndexed index="3" regionRef="TextRegion_1653421798774_613"/><RegionRefIndexed index="4" regionRef="TextRegion_1653421798774_612"/><RegionRefIndexed index="5" regionRef="region_1653592207595_278"/><RegionRefIndexed index="6" regionRef="TextRegion_1653421768172_577"/><RegionRefIndexed index="7" regionRef="TextRegion_1653421775718_584"/><RegionRefIndexed index="8" regionRef="TextRegion_1653421778244_588"/></OrderedGroup></ReadingOrder><TextRegion custom="readingOrder {index:0;} structure {type:header;}" id="TextRegion_1653421790421_601" orientation="0.0" type="header"><Coords points="620,498 5778,498 5778,887 620,887"/><TextLine custom="readingOrder {index:0;}" id="line_1653421755306_558"><Coords points="1389,574 1389,718 1656,670 1890,713 1895,713 1900,713 2007,665 2188,708 2193,708 2199,708 2311,670 2577,713 2582,713 2587,713 2710,665 2928,692 2934,692 2939,692 3024,654 3588,654 3844,713 3849,713 3855,713 3940,681 3993,713 3998,713 4004,713 4009,718 4180,718 4180,713 4185,713 4281,670 4366,713 4371,713 4377,713 4595,676 4701,713 4707,713 4712,718 5186,718 5186,713 5191,713 5308,654 5766,654 5777,569 5766,260 5415,298 5266,250 5260,250 4813,250 4808,250 4803,250 4685,314 4382,314 4196,260 4190,260 4185,260 4180,260 4041,308 3956,282 3951,282 3945,282 3546,308 3429,255 3423,255 3418,255 3413,255 3232,308 3077,250 3072,250 2705,250 2699,250 2694,250 2603,298 2513,250 2508,250 2502,250 2497,250 2428,282 2295,250 2289,250 2284,250 2279,250 2151,314 1906,314 1815,250 1810,250 1805,250 1799,250 1384,282 1389,574"/><Baseline points="1392,580 1626,579 1861,578 2096,578 2330,576 2565,576 2800,576 3034,576 3269,576 3504,574 3739,574 3973,574 4208,574 4443,574 4677,574 4912,574 5147,574 5381,574 5616,572 5778,572"/><TextEquiv><Unicode>Paruuli philoso. natu. Fo. XXXIIII</Unicode></TextEquiv></TextLine><TextEquiv><Unicode>Paruuli philoso. natu. Fo. XXXIIII</Unicode></TextEquiv></TextRegion><TextRegion custom="readingOrder {index:1;} structure {type:[heading];}" id="TextRegion_1653421794543_607" orientation="0.0"><Coords points="620,887 5778,887 5778,2525 620,2525"/><TextLine custom="readingOrder {index:0;}" id="r1l2"><Coords points="713,1144 713,1245 1001,1245 1001,1240 1006,1240 1086,1208 1139,1235 1144,1235 1150,1235 1608,1208 2279,1235 2284,1235 2289,1235 2295,1235 2348,1203 3157,1235 3162,1235 3498,1197 3695,1229 3700,1229 3706,1229 3764,1203 4243,1229 4249,1229 4254,1229 4393,1192 4691,1224 4696,1224 4701,1224 4797,1192 5607,1224 5617,1123 5612,926 5292,926 5234,889 5229,889 5223,889 5218,889 4920,921 4861,883 4856,883 4850,883 4845,883 4840,883 4723,910 4478,878 4472,878 4233,926 3801,926 3727,883 3722,883 3716,883 3301,926 3216,883 3210,883 3205,883 3200,883 3194,883 3115,937 2960,937 2886,889 2880,889 2875,889 2870,889 2662,931 2390,889 2060,889 2055,889 2050,889 1964,921 1906,894 1900,894 1895,894 1698,921 788,894 782,894 777,894 772,894 708,931 713,1144"/><Baseline points="718,1146 963,1144 1208,1142 1453,1142 1698,1140 1943,1140 2188,1138 2433,1138 2678,1136 2923,1136 3168,1134 3413,1134 3658,1132 3903,1132 4148,1132 4393,1130 4638,1130 4883,1130 5128,1130 5373,1128 5618,1128"/><TextEquiv><Unicode>et quiescens. Per prius adhuc duobus modis: vel quia men-</Unicode></TextEquiv></TextLine><TextLine custom="readingOrder {index:1;}" id="r1l3"><Coords points="718,1698 1017,1671 1341,1692 1347,1692 1352,1692 1432,1661 1741,1687 1746,1687 2098,1661 2161,1692 2167,1692 2172,1698 2710,1698 2710,1692 2864,1661 2997,1692 3003,1692 3008,1692 3013,1692 3083,1661 3296,1692 3301,1692 3306,1692 3375,1661 3998,1661 4052,1692 4057,1692 4062,1692 4068,1692 5415,1661 5697,1687 5708,1575 5697,1378 5266,1384 5186,1346 5181,1346 5175,1346 5170,1346 5165,1346 5101,1389 4957,1389 4733,1346 4728,1346 4723,1346 4717,1346 4653,1389 4520,1389 4435,1346 4430,1346 4424,1346 4419,1346 4270,1389 3801,1389 3754,1352 3748,1352 3743,1352 3738,1352 3732,1352 3642,1384 3338,1346 3333,1346 3328,1346 3221,1389 2965,1389 2135,1346 2129,1346 1938,1384 1618,1346 1613,1346 1411,1384 1315,1346 1309,1346 718,1346 718,1581 718,1698"/><Baseline points="722,1586 971,1588 1220,1588 1470,1588 1719,1588 1969,1586 2218,1586 2467,1584 2717,1584 2966,1582 3216,1582 3465,1580 3714,1580 3964,1578 4213,1578 4463,1576 4712,1576 4961,1576 5211,1576 5460,1576 5710,1576"/><TextEquiv><Unicode>suratur tempore / sicut motus celi: vel parte temporis / vt motus</Unicode></TextEquiv></TextLine><TextLine custom="readingOrder {index:2;}" id="line_1653589588817_213"><Coords points="686,2044 686,2145 1703,2145 1703,2140 1911,2092 2140,2092 2231,2134 2236,2134 2241,2140 2593,2140 2593,2134 2598,2134 2603,2134 2646,2108 2971,2134 2976,2134 3194,2124 3200,2124 3274,2086 3706,2129 3711,2129 3716,2129 3823,2081 4414,2081 4494,2129 4499,2129 4504,2129 4510,2129 4978,2081 5063,2124 5069,2124 5074,2129 5340,2129 5340,2124 5346,2124 5489,2076 5761,2076 5766,2017 5761,1804 5000,1772 4994,1772 4989,1772 4984,1772 4936,1804 4850,1778 4845,1778 4840,1778 4440,1810 4057,1778 4052,1778 3738,1810 3604,1778 3599,1778 3594,1778 3588,1778 3445,1815 3344,1788 3338,1788 3333,1788 3088,1815 3013,1783 3008,1783 3003,1783 2997,1783 2923,1820 2055,1820 1709,1788 1703,1788 1698,1788 1693,1788 1645,1820 1560,1788 1554,1788 1064,1788 1059,1788 681,1820 686,2044"/><Baseline points="690,2046 717,2046 744,2045 771,2044 798,2044 825,2044 852,2043 879,2041 906,2040 933,2039 960,2037 987,2036 1014,2035 1041,2034 1068,2034 1095,2032 1122,2032 1149,2032 1176,2032 1203,2033 1230,2034 1410,2038 1523,2036 1636,2034 1749,2032 1862,2031 1975,2030 2088,2030 2201,2030 2314,2028 2427,2028 2541,2028 2654,2029 2767,2030 2880,2030 2993,2030 3106,2030 3219,2028 3332,2028 3445,2028 3558,2026 3672,2024 3900,2024 3993,2024 4086,2024 4180,2022 4273,2022 4367,2022 4460,2020 4553,2020 4647,2020 4740,2020 4834,2020 4927,2020 5020,2018 5114,2018 5207,2020 5301,2020 5394,2020 5487,2020 5581,2020 5674,2022 5768,2022"/><TextEquiv><Unicode>particularis. Per comparationem aliquid dicitur esse in tempore</Unicode></TextEquiv></TextLine><TextLine custom="readingOrder {index:3;}" id="line_1653589593658_218"><Coords points="686,2480 686,2539 2710,2566 2715,2566 2721,2566 2864,2528 3210,2560 3216,2560 3423,2518 3562,2560 3567,2560 3572,2560 3881,2518 4174,2555 4180,2555 4345,2518 4840,2518 4936,2560 4941,2560 4946,2560 4952,2560 4957,2560 5026,2512 5676,2507 5681,2459 5676,2278 5255,2236 5250,2236 5245,2236 5239,2236 5165,2278 4579,2252 4574,2252 4329,2278 4233,2241 4227,2241 4222,2241 4217,2241 4105,2283 3525,2283 3477,2252 3471,2252 3466,2252 3461,2252 3328,2278 3125,2241 3120,2241 3115,2241 3109,2241 3061,2273 2934,2252 2928,2252 2923,2252 2816,2283 2705,2246 2699,2246 2694,2246 2023,2283 1805,2246 1799,2246 1794,2246 1703,2283 1554,2246 1549,2246 1544,2246 1352,2273 756,2246 750,2246 745,2246 681,2273 686,2480"/><Baseline points="690,2482 716,2480 743,2478 770,2476 797,2476 824,2476 851,2476 878,2476 905,2476 932,2476 959,2476 986,2474 1226,2484 1448,2482 1671,2480 1894,2478 2117,2476 2340,2476 2562,2474 2785,2474 3008,2474 3231,2473 3454,2472 3676,2472 3899,2472 4122,2470 4345,2470 4568,2469 4790,2468 5013,2466 5236,2464 5459,2462 5682,2460"/><TextEquiv><Unicode>vt deus et intelligentię prout comparantur ad res temporales.</Unicode></TextEquiv></TextLine><TextEquiv><Unicode>et quiescens. Per prius adhuc duobus modis: vel quia men-
suratur tempore / sicut motus celi: vel parte temporis / vt motus
particularis. Per comparationem aliquid dicitur esse in tempore
vt deus et intelligentię prout comparantur ad res temporales.</Unicode></TextEquiv></TextRegion><TextRegion custom="readingOrder {index:2;} structure {type:[drop-capital];}" id="region_1653421808292_619"><Coords points="533,2558 2155,2558 2155,2906 533,2906"/><TextLine custom="readingOrder {index:0;}" id="line_1653421813285_623"><Coords points="550,2575 1956,2575 1956,2889 550,2889"/><TextEquiv><Unicode>Comparat</Unicode></TextEquiv></TextLine><TextEquiv><Unicode>Comparat</Unicode></TextEquiv></TextRegion><TextRegion custom="readingOrder {index:3;} structure {type:paragraph;}" id="TextRegion_1653421798774_613" orientation="0.0" type="paragraph"><Coords points="620,2525 5778,2525 5778,7142 620,7142"/><TextLine custom="readingOrder {index:0;}" id="r1l9"><Coords points="2124,2688 2124,2747 5750,2731 5756,2672 5745,2550 5394,2518 5388,2518 4520,2550 3365,2523 3360,2523 3354,2523 3349,2523 3296,2555 2619,2528 2614,2528 2119,2560 2124,2688"/><Baseline points="2126,2690 2307,2688 2489,2686 2670,2686 2852,2684 3034,2684 3215,2684 3397,2684 3578,2684 3760,2684 3942,2684 4123,2684 4305,2682 4486,2682 4668,2682 4850,2682 5031,2682 5213,2680 5394,2680 5576,2678 5758,2676"/><TextEquiv><Unicode>tempus ad ea que sunt in tempore et que mensurantur tempore:</Unicode></TextEquiv></TextLine><TextLine custom="readingOrder {index:1;}" id="line_1653421755310_560"><Coords points="5580,2677 5527,2683 5473,2683 5458,2683 5442,2693 5133,2683 5101,2683 5047,2683 4994,2683 4941,2683 4888,2683 4398,2715 4302,2688 4297,2688 4291,2688 3828,2709 3791,2688 3770,2688 3727,2688 3674,2709 2566,2688 2550,2688 2497,2688 2444,2688 2390,2688 2337,2688 2284,2688 2252,2688 2151,2704 2124,2688 2124,2688 2119,2683 2018,2614 2012,2614 2007,2614 953,2608 953,2805 947,2864 4866,2896 4872,2896 5772,2869 5777,2821 5766,2699 5585,2677 5580,2677"/><Baseline points="956,2806 1197,2812 1439,2816 1681,2821 1922,2824 2164,2828 2406,2830 2647,2832 2889,2834 3131,2836 3373,2836 3614,2838 3856,2838 4098,2836 4339,2836 4581,2836 4823,2834 5064,2832 5306,2830 5548,2828 5778,2826"/><TextEquiv><Unicode>Enumerans varios modos / quibus aliqua sunt in tempo /</Unicode></TextEquiv></TextLine><TextLine custom="readingOrder {index:2;}" id="r1l11"><Coords points="654,2986 654,3034 5724,3029 5729,2970 5718,2848 649,2842 654,2986"/><Baseline points="656,2992 909,2992 1163,2992 1417,2992 1671,2992 1925,2990 2179,2990 2433,2990 2687,2990 2941,2990 3195,2988 3448,2988 3702,2988 3956,2986 4210,2986 4464,2984 4718,2984 4972,2982 5226,2980 5480,2979 5734,2976"/><TextEquiv><Unicode>re: qui modi patent in textu. Sed ad maiorem eorundem cognitionem declarabo tres</Unicode></TextEquiv></TextLine><TextLine custom="readingOrder {index:3;}" id="r1l12"><Coords points="670,3146 670,3199 5740,3167 5745,3125 5734,2997 665,3013 670,3146"/><Baseline points="676,3148 929,3146 1183,3144 1436,3144 1690,3142 1944,3142 2197,3140 2451,3140 2704,3138 2958,3138 3212,3136 3465,3136 3719,3136 3972,3134 4226,3134 4480,3132 4733,3132 4987,3130 5240,3130 5494,3128 5748,3128"/><TextEquiv><Unicode>modos essendi in tempore: positos ab Aristo. iiij. phy. sub quibus omnes isti positi ab</Unicode></TextEquiv></TextLine><TextLine custom="readingOrder {index:4;}" id="r1l14"><Coords points=""/><Baseline points="744,3296 992,3296 1241,3296 1490,3296 1738,3296 1987,3294 2236,3294 2484,3294 2733,3292 2982,3292 3231,3290 3479,3290 3728,3288 3977,3288 4225,3286 4474,3284 4723,3284 4971,3282 5220,3282 5469,3280 5718,3278"/><TextEquiv><Unicode>autore continentur. ¶ Tripliciter itaque aliqua possunt esse in tempore. Primo coexistenter</Unicode></TextEquiv></TextLine><TextLine custom="readingOrder {index:5;}" id="r1l16"><Coords points="638,3439 638,3476 5633,3471 5639,3428 5628,3284 633,3306 638,3439"/><Baseline points="644,3444 894,3444 1144,3444 1394,3444 1644,3442 1894,3442 2144,3442 2394,3442 2644,3441 2894,3440 3144,3440 3394,3438 3644,3438 3894,3438 4144,3436 4394,3436 4644,3434 4894,3434 5144,3432 5394,3432 5644,3430"/><TextEquiv><Unicode>et sunt quando tempus est / vt omnia eterna: et iste hic in fine textus vocatur per comparationem.</Unicode></TextEquiv></TextLine><TextLine custom="readingOrder {index:6;}" id="r1l18"><Coords points="4888,3439 4834,3439 4781,3439 4728,3439 4685,3439 681,3455 686,3582 686,3646 5692,3620 5697,3577 5686,3433 4898,3433 4888,3439"/><Baseline points="690,3588 940,3592 1191,3596 1441,3598 1692,3598 1942,3598 2193,3598 2443,3598 2694,3596 2944,3594 3195,3592 3445,3590 3696,3588 3946,3586 4197,3584 4447,3582 4698,3580 4948,3578 5199,3578 5449,3578 5700,3580"/><TextEquiv><Unicode>Secundo / et est aliquid temporis: puta passio / aut pars / aut terminus. Et in hoc clauduntur</Unicode></TextEquiv></TextLine><TextLine custom="readingOrder {index:7;}" id="r1l19"><Coords points="2902,3598 2848,3598 2795,3598 2742,3598 2689,3598 2635,3598 2582,3598 2529,3598 2476,3598 2422,3598 2369,3598 2326,3598 665,3598 670,3737 670,3790 5655,3779 5660,3721 5649,3588 2918,3593 2902,3598"/><Baseline points="676,3742 925,3744 1174,3744 1423,3746 1673,3746 1922,3744 2171,3744 2421,3744 2670,3742 2919,3742 3169,3740 3418,3740 3667,3738 3916,3736 4166,3734 4415,3732 4664,3732 4914,3730 5163,3728 5412,3726 5662,3726"/><TextEquiv><Unicode>tres primi modi positi in textu. Sed in secundo modo autor exemplificat secundum opinionem</Unicode></TextEquiv></TextLine><TextLine custom="readingOrder {index:8;}" id="r1l20"><Coords points="3578,3742 3525,3742 3471,3742 3418,3742 3365,3742 3312,3742 3258,3742 3205,3742 3152,3742 3099,3742 3045,3742 2992,3742 2939,3742 2886,3742 2832,3742 2779,3742 2726,3742 2673,3742 2619,3742 2566,3742 2513,3742 2460,3742 2406,3748 2353,3748 2300,3748 2247,3748 2193,3748 2140,3748 2087,3748 2034,3748 1980,3748 1927,3748 1874,3748 1821,3748 1767,3748 1714,3748 1661,3748 1608,3748 1554,3748 1501,3748 1448,3748 1395,3748 1341,3748 1288,3748 1235,3748 1182,3748 1128,3748 1075,3748 1022,3748 969,3748 915,3742 862,3742 809,3742 756,3742 702,3742 654,3742 654,3891 654,3939 5697,3923 5702,3870 5692,3742 3631,3742 3578,3742"/><Baseline points="658,3896 910,3896 1163,3896 1415,3896 1668,3896 1920,3896 2173,3896 2425,3896 2678,3894 2930,3894 3183,3892 3435,3890 3688,3888 3940,3888 4193,3886 4445,3884 4698,3882 4950,3880 5203,3878 5455,3876 5708,3874"/><TextEquiv><Unicode>eorum que dicunt nunc esse substantiam temporis: quod ostensum est. suum. esse falsum: et ideo potius</Unicode></TextEquiv></TextLine><TextLine custom="readingOrder {index:9;}" id="r1l21"><Coords points="5000,3881 4946,3881 4893,3881 4840,3881 4803,3881 4717,3907 3903,3886 3881,3891 3828,3891 3775,3891 3743,3891 3679,3913 3157,3891 3136,3897 3083,3897 3029,3897 2976,3897 2955,3897 2470,3918 1959,3897 1911,3897 1858,3897 1805,3897 1741,3918 1677,3897 1645,3897 1618,3897 1432,3923 1304,3897 1272,3897 1219,3897 1166,3897 1112,3897 1059,3897 1006,3897 953,3897 899,3897 846,3897 793,3897 740,3897 686,3897 638,3897 638,4046 638,4094 5708,4078 5713,4019 5702,3902 5005,3881 5000,3881"/><Baseline points="642,4048 895,4048 1149,4046 1402,4046 1656,4044 1910,4044 2163,4044 2417,4042 2670,4042 2924,4042 3178,4040 3431,4040 3685,4038 3938,4038 4192,4036 4446,4034 4699,4034 4953,4032 5206,4030 5460,4026 5714,4024"/><TextEquiv><Unicode>ibi exemplificandum est cum Aristo. de partibus temporis: vt sunt prius et posterius. Tertio</Unicode></TextEquiv></TextLine><TextLine custom="readingOrder {index:10;}" id="r1l22"><Coords points="894,4195 894,4237 5676,4205 5681,4173 5665,4040 889,4051 894,4195"/><Baseline points="896,4200 1135,4197 1375,4194 1614,4192 1854,4190 2093,4190 2333,4188 2572,4188 2812,4188 3051,4186 3291,4186 3530,4186 3770,4186 4009,4186 4249,4186 4488,4186 4728,4184 4967,4183 5207,4182 5446,4180 5686,4178"/><TextEquiv><Unicode>modo aliquid est in tempore sicut in numero seu in mensura: et sciicet mensurat tempore. Et iste mo-</Unicode></TextEquiv></TextLine><TextLine custom="readingOrder {index:11;}" id="r1l24"><Coords points="702,4386 5671,4370 5676,4322 5665,4179 5308,4211 702,4211 702,4333 702,4386"/><Baseline points="704,4338 952,4340 1201,4340 1450,4342 1698,4342 1947,4342 2196,4342 2444,4342 2693,4340 2942,4340 3191,4340 3439,4338 3688,4338 3937,4336 4185,4335 4434,4334 4683,4332 4931,4332 5180,4330 5429,4328 5678,4326"/><TextEquiv><Unicode>dus est proprius: nam proprie esse in tempore est mensurari tempore. Hoc modo motus / quies / et omnia</Unicode></TextEquiv></TextLine><TextLine custom="readingOrder {index:12;}" id="r1l26"><Coords points="638,4482 638,4535 5724,4519 5729,4477 5718,4349 633,4349 638,4482"/><Baseline points="640,4486 894,4486 1149,4485 1403,4484 1658,4484 1913,4484 2167,4484 2422,4484 2676,4484 2931,4484 3186,4484 3440,4484 3695,4484 3949,4484 4204,4484 4459,4484 4713,4484 4968,4484 5222,4484 5477,4482 5732,4482"/><TextEquiv><Unicode>mobilia et quiescibilia sunt in tempore: licet differenter. Nam motus est in tempore per prius seu</Unicode></TextEquiv></TextLine><TextLine custom="readingOrder {index:13;}" id="r1l27"><Coords points="644,4637 644,4674 5729,4669 5734,4621 5718,4488 638,4488 644,4637"/><Baseline points="646,4640 900,4638 1155,4636 1409,4634 1664,4634 1919,4634 2173,4632 2428,4634 2682,4634 2937,4634 3192,4634 3446,4636 3701,4636 3955,4636 4210,4636 4465,4636 4719,4634 4974,4634 5228,4632 5483,4628 5738,4626"/><TextEquiv><Unicode>positiue: et similiter mobilia vt sunt in motu (quod ideo additur: nam id quod est mobile</Unicode></TextEquiv></TextLine><TextLine custom="readingOrder {index:14;}" id="r1l28"><Coords points="5202,4637 5149,4637 5095,4637 5042,4637 4989,4637 4936,4637 4882,4637 4829,4637 4776,4637 4723,4637 4669,4637 4616,4637 4563,4637 4510,4637 4456,4637 4403,4637 4350,4637 4297,4637 4243,4637 4190,4637 4137,4637 4084,4637 4030,4637 3977,4637 3924,4637 3871,4637 3817,4637 3764,4637 3711,4637 3658,4637 3604,4637 3551,4637 3498,4637 3445,4637 3391,4637 3338,4637 3285,4637 3232,4637 3178,4637 3125,4637 3072,4637 3019,4637 2965,4637 2912,4637 2859,4637 2806,4637 2752,4637 2699,4637 2646,4637 2593,4637 2539,4637 2486,4637 2433,4637 2380,4637 2326,4637 2273,4637 2220,4637 2167,4637 2113,4637 2060,4637 2007,4637 1954,4637 1900,4637 1847,4637 1794,4637 1741,4637 1687,4637 1634,4637 1581,4637 1528,4637 1474,4637 1421,4637 1368,4637 1315,4637 1261,4637 1208,4637 1155,4637 1102,4637 1049,4637 995,4637 942,4637 889,4642 836,4642 782,4642 729,4642 676,4642 670,4626 628,4626 628,4786 628,4828 5692,4828 5697,4780 5692,4637 5207,4631 5202,4637"/><Baseline points="632,4788 885,4788 1138,4786 1391,4786 1645,4786 1898,4786 2151,4786 2405,4786 2658,4786 2911,4786 3165,4786 3418,4786 3671,4786 3924,4786 4178,4786 4431,4786 4684,4786 4938,4784 5191,4784 5444,4784 5698,4782"/><TextEquiv><Unicode>secundum suum esse absolutu/ mensuratur euo: vt. suum. dictum est) quies autem et quiescibilia vt quiesci-</Unicode></TextEquiv></TextLine><TextLine custom="readingOrder {index:15;}" id="r1l29"><Coords points="830,4791 777,4791 724,4791 670,4791 665,4786 617,4786 623,4935 623,4977 5729,4961 5734,4924 5724,4791 878,4786 830,4791"/><Baseline points="626,4938 881,4938 1137,4938 1392,4938 1648,4940 1904,4940 2159,4940 2415,4940 2670,4940 2926,4940 3182,4940 3437,4940 3693,4938 3948,4938 4204,4938 4460,4936 4715,4936 4971,4934 5226,4932 5482,4930 5738,4928"/><TextEquiv><Unicode>bilia mensurantur tempore per posterius seu priuatiue. Plura de hoc dixi. sua. circa primam</Unicode></TextEquiv></TextLine><TextLine custom="readingOrder {index:16;}" id="r1l30"><Coords points="5431,4935 5378,4935 5324,4935 5271,4935 5218,4935 5165,4935 5111,4935 5058,4935 5005,4935 4952,4935 4898,4935 4845,4935 4792,4935 4739,4935 4685,4940 4632,4940 4579,4940 4526,4940 4472,4940 4419,4940 4366,4940 4313,4940 4259,4940 4206,4940 4153,4940 4100,4940 4046,4940 3993,4940 3940,4940 3887,4940 3833,4940 3780,4940 3727,4940 3674,4940 3620,4940 3567,4940 3514,4940 3461,4940 3407,4940 3354,4940 3301,4940 3248,4940 3194,4940 692,4945 697,5084 697,5137 5702,5137 5708,5078 5697,4929 5473,4929 5431,4935"/><Baseline points="702,5086 952,5088 1202,5090 1453,5090 1703,5091 1954,5092 2204,5092 2454,5092 2705,5092 2955,5092 3206,5090 3456,5090 3706,5090 3957,5088 4207,5088 4458,5086 4708,5086 4958,5086 5209,5084 5459,5084 5710,5084"/><TextEquiv><Unicode>diffinitionem temporis. ¶ Addit etiam autor / que motus celi aliter tempore mensuratur quam</Unicode></TextEquiv></TextLine><TextLine custom="readingOrder {index:17;}" id="r1l31"><Coords points="617,5238 617,5286 5713,5265 5718,5222 5702,5100 612,5110 617,5238"/><Baseline points="622,5242 877,5242 1132,5242 1387,5242 1642,5242 1897,5242 2152,5242 2407,5242 2662,5242 2917,5242 3172,5242 3427,5242 3682,5240 3937,5240 4192,5238 4447,5237 4702,5236 4957,5234 5212,5232 5467,5230 5722,5226"/><TextEquiv><Unicode>motus horum inferiorum: et motus celi toto tempore mensuratur. Nam tempus est coeternum mo</Unicode></TextEquiv></TextLine><TextLine custom="readingOrder {index:18;}" id="r1l32"><Coords points="5431,5233 5378,5233 5324,5233 5271,5233 5218,5233 5165,5233 5111,5233 5058,5233 5005,5233 4952,5233 4898,5238 4845,5238 4792,5238 4739,5238 4685,5238 4632,5238 4579,5238 4526,5238 4472,5238 4419,5238 4366,5238 4313,5238 4259,5238 4206,5238 4153,5238 4100,5238 4046,5238 3993,5238 3940,5238 3887,5244 3833,5244 3780,5244 3727,5244 3674,5244 3620,5244 3567,5244 3514,5244 3461,5244 3407,5244 3354,5244 3301,5244 3248,5244 3194,5244 3141,5244 3088,5244 3035,5244 2981,5244 2928,5244 2875,5244 2822,5244 2768,5244 2715,5244 2662,5244 2609,5244 2555,5244 2502,5244 2449,5244 2396,5244 2342,5244 2289,5244 2236,5244 2183,5244 2129,5244 2076,5244 2023,5244 1970,5244 1916,5244 1863,5244 1810,5244 1757,5244 1703,5244 1650,5244 1597,5244 1544,5244 1490,5244 1437,5244 1384,5244 1331,5244 1277,5244 1224,5244 1171,5244 1118,5244 1064,5244 1011,5244 958,5244 905,5244 851,5244 798,5244 745,5244 692,5244 638,5244 644,5393 644,5435 5750,5435 5750,5382 5740,5228 5473,5228 5431,5233"/><Baseline points="646,5394 901,5394 1156,5394 1412,5396 1667,5396 1923,5396 2178,5396 2433,5394 2689,5394 2944,5394 3200,5392 3455,5392 3710,5392 3966,5390 4221,5390 4477,5388 4732,5388 4987,5388 5243,5386 5498,5386 5754,5386"/><TextEquiv><Unicode>tui celi: ita que motus celi et tempus simul inceperunt / et simul desinent secundum veritatem fidei</Unicode></TextEquiv></TextLine><TextLine custom="readingOrder {index:19;}" id="r1l33"><Coords points="617,5536 617,5584 5745,5568 5745,5526 5729,5403 612,5409 617,5536"/><Baseline points="620,5540 876,5540 1133,5540 1389,5542 1646,5542 1902,5544 2159,5544 2415,5544 2672,5546 2928,5546 3185,5546 3441,5546 3698,5546 3954,5546 4211,5545 4467,5544 4724,5542 4980,5540 5237,5538 5493,5534 5750,5530"/><TextEquiv><Unicode>catholice: vel vtrumque est sempiternum: vt nititur probare Aristo. viij. phy. sed non probat</Unicode></TextEquiv></TextLine><TextLine custom="readingOrder {index:20;}" id="r1l34"><Coords points=""/><Baseline points="650,5690 905,5690 1160,5690 1415,5692 1670,5692 1925,5692 2180,5694 2435,5694 2690,5694 2945,5694 3200,5694 3455,5694 3710,5694 3965,5694 4220,5692 4475,5692 4730,5692 4985,5690 5240,5690 5495,5688 5750,5688"/><TextEquiv><Unicode>secundum rei veritatem. Nam in omnibus suis rationibus supponit aliquam propositionem falsam</Unicode></TextEquiv></TextLine><TextLine custom="readingOrder {index:21;}" id="r1l35"><Coords points="644,5840 644,5877 5708,5877 5713,5834 5702,5712 638,5712 644,5840"/><Baseline points="646,5842 899,5840 1153,5838 1406,5836 1660,5836 1913,5836 2167,5836 2420,5836 2674,5837 2927,5838 3181,5840 3434,5840 3688,5842 3941,5844 4195,5844 4448,5844 4702,5844 4955,5844 5209,5844 5462,5842 5716,5840"/><TextEquiv><Unicode>vt patet intuenti eius rationes / et solutiones earum quas ibi expositores plerique so-</Unicode></TextEquiv></TextLine><TextLine custom="readingOrder {index:22;}" id="r1l36"><Coords points=""/><Baseline points="648,5990 903,5988 1158,5984 1413,5982 1668,5980 1923,5980 2178,5980 2433,5980 2688,5980 2943,5980 3198,5982 3453,5982 3708,5984 3963,5985 4218,5986 4473,5988 4728,5988 4983,5990 5238,5990 5493,5990 5748,5990"/><TextEquiv><Unicode>lent afferre. Motus autem particulares seu horum inferiorum mensurantur non toto tempore / sed</Unicode></TextEquiv></TextLine><TextLine custom="readingOrder {index:23;}" id="r1l37"><Coords points="2034,5984 1980,5984 1927,5984 1874,5984 1821,5984 1767,5984 1714,5984 1661,5984 1608,5984 1554,5984 1501,5984 1448,5984 1395,5984 1341,5984 1288,5984 1235,5984 1182,5984 1128,5984 1075,5984 1022,5984 969,5984 915,5984 862,5989 809,5989 793,5989 649,6005 654,6138 654,6186 5708,6154 5713,6133 5708,6000 2082,5984 2034,5984"/><Baseline points="660,6140 912,6138 1165,6136 1418,6134 1671,6132 1924,6132 2176,6130 2429,6130 2682,6130 2935,6130 3188,6130 3440,6130 3693,6132 3946,6132 4199,6134 4452,6134 4704,6136 4957,6136 5210,6138 5463,6138 5716,6138"/><TextEquiv><Unicode>parte temporis: vt hora / die etc. Alia differentia mensurationis a tempore motus celi et aliorum</Unicode></TextEquiv></TextLine><TextLine custom="readingOrder {index:24;}" id="r1l38"><Coords points="2311,6133 2257,6133 2204,6133 2151,6133 2098,6133 2044,6133 1991,6133 1938,6133 1885,6133 1831,6133 1778,6133 1725,6133 1672,6133 1618,6133 1565,6133 1512,6133 1459,6133 1405,6138 1352,6138 1299,6138 1246,6138 1192,6138 1139,6138 1086,6138 1033,6138 979,6138 926,6138 873,6138 820,6138 772,6138 660,6154 665,6287 665,6340 5271,6314 5276,6276 5271,6143 2311,6133 2311,6133"/><Baseline points="670,6288 900,6285 1130,6282 1361,6280 1591,6280 1822,6278 2052,6278 2282,6278 2513,6278 2743,6278 2974,6280 3204,6280 3434,6280 3665,6282 3895,6282 4126,6282 4356,6282 4586,6282 4817,6280 5047,6280 5278,6278"/><TextEquiv><Unicode>posita est. s. circa secundam diffinitionem temporis. ¶ Ultimo consyderandum est: que secundum Arist.</Unicode></TextEquiv></TextLine><TextLine custom="readingOrder {index:25;}" id="r1l39"><Coords points="654,6431 654,6484 5734,6473 5740,6425 5729,6292 649,6292 654,6431"/><Baseline points="658,6434 912,6433 1166,6432 1420,6432 1674,6432 1929,6432 2183,6432 2437,6432 2691,6432 2945,6432 3200,6432 3454,6432 3708,6432 3962,6434 4216,6432 4471,6432 4725,6432 4979,6432 5233,6430 5487,6428 5742,6426"/><TextEquiv><Unicode>due conditiones requiruntur ad hoc vt aliquid sit proprie in tempore. Prima / que contineatur a tempore sicut</Unicode></TextEquiv></TextLine><TextLine custom="readingOrder {index:26;}" id="r1l40"><Coords points="4957,6436 4904,6436 4850,6436 4797,6436 4744,6436 4691,6436 4637,6436 4584,6436 4531,6436 4478,6436 4446,6436 644,6447 649,6585 649,6633 5724,6612 5729,6575 5718,6431 4978,6431 4957,6436"/><Baseline points="650,6586 904,6584 1158,6582 1412,6582 1666,6582 1920,6580 2174,6580 2428,6580 2682,6580 2936,6580 3190,6580 3444,6580 3698,6580 3952,6580 4206,6580 4460,6580 4714,6580 4968,6580 5222,6578 5476,6578 5730,6578"/><TextEquiv><Unicode>mensuratum a mensura: et ideo eterna proprie non sunt in tempore. Secunda / que patiatur aliquid</Unicode></TextEquiv></TextLine><TextLine custom="readingOrder {index:27;}" id="r1l41"><Coords points="633,6729 633,6787 5713,6771 5718,6718 5708,6580 628,6585 633,6729"/><Baseline points="638,6734 892,6734 1146,6732 1400,6732 1654,6732 1909,6730 2163,6730 2417,6730 2671,6730 2925,6728 3180,6728 3434,6728 3688,6728 3942,6727 4196,6726 4451,6726 4705,6726 4959,6724 5213,6724 5467,6722 5722,6722"/><TextEquiv><Unicode>sub tempore: consueuimus enim dicere que in tempore omnia senescunt et tabescunt: vt dicetur cir</Unicode></TextEquiv></TextLine><TextLine custom="readingOrder {index:28;}" id="r1l42"><Coords points="686,6883 686,6937 5724,6926 5729,6873 5718,6745 681,6745 686,6883"/><Baseline points="690,6886 942,6884 1194,6884 1446,6882 1698,6880 1950,6880 2202,6878 2454,6878 2706,6878 2958,6876 3210,6876 3462,6876 3714,6876 3966,6876 4218,6876 4470,6876 4722,6876 4974,6876 5226,6874 5478,6874 5730,6874"/><TextEquiv><Unicode>ca vltimum textum huius tractatus. Et ideo entia que non possunt aliter se habere / seu</Unicode></TextEquiv></TextLine><TextLine custom="readingOrder {index:29;}" id="r1l43"><Coords points="676,7038 676,7107 5505,7107 5511,7027 5505,6899 670,6899 676,7038"/><Baseline points="678,7040 919,7038 1161,7038 1403,7038 1644,7036 1886,7036 2128,7036 2369,7034 2611,7034 2853,7034 3095,7034 3336,7032 3578,7032 3820,7032 4061,7032 4303,7030 4545,7030 4786,7030 5028,7030 5270,7030 5512,7030"/><TextEquiv><Unicode>necessaria: similiter eas que non possunt esse / vt impossibilia: non sunt in tempore.</Unicode></TextEquiv></TextLine><TextEquiv><Unicode>tempus ad ea que sunt in tempore et que mensurantur tempore:
Enumerans varios modos / quibus aliqua sunt in tempo /
re: qui modi patent in textu. Sed ad maiorem eorundem cognitionem declarabo tres
modos essendi in tempore: positos ab Aristo. iiij. phy. sub quibus omnes isti positi ab
autore continentur. ¶ Tripliciter itaque aliqua possunt esse in tempore. Primo coexistenter
et sunt quando tempus est / vt omnia eterna: et iste hic in fine textus vocatur per comparationem.
Secundo / et est aliquid temporis: puta passio / aut pars / aut terminus. Et in hoc clauduntur
tres primi modi positi in textu. Sed in secundo modo autor exemplificat secundum opinionem
eorum que dicunt nunc esse substantiam temporis: quod ostensum est. suum. esse falsum: et ideo potius
ibi exemplificandum est cum Aristo. de partibus temporis: vt sunt prius et posterius. Tertio
modo aliquid est in tempore sicut in numero seu in mensura: et sciicet mensurat tempore. Et iste mo-
dus est proprius: nam proprie esse in tempore est mensurari tempore. Hoc modo motus / quies / et omnia
mobilia et quiescibilia sunt in tempore: licet differenter. Nam motus est in tempore per prius seu
positiue: et similiter mobilia vt sunt in motu (quod ideo additur: nam id quod est mobile
secundum suum esse absolutu/ mensuratur euo: vt. suum. dictum est) quies autem et quiescibilia vt quiesci-
bilia mensurantur tempore per posterius seu priuatiue. Plura de hoc dixi. sua. circa primam
diffinitionem temporis. ¶ Addit etiam autor / que motus celi aliter tempore mensuratur quam
motus horum inferiorum: et motus celi toto tempore mensuratur. Nam tempus est coeternum mo
tui celi: ita que motus celi et tempus simul inceperunt / et simul desinent secundum veritatem fidei
catholice: vel vtrumque est sempiternum: vt nititur probare Aristo. viij. phy. sed non probat
secundum rei veritatem. Nam in omnibus suis rationibus supponit aliquam propositionem falsam
vt patet intuenti eius rationes / et solutiones earum quas ibi expositores plerique so-
lent afferre. Motus autem particulares seu horum inferiorum mensurantur non toto tempore / sed
parte temporis: vt hora / die etc. Alia differentia mensurationis a tempore motus celi et aliorum
posita est. s. circa secundam diffinitionem temporis. ¶ Ultimo consyderandum est: que secundum Arist.
due conditiones requiruntur ad hoc vt aliquid sit proprie in tempore. Prima / que contineatur a tempore sicut
mensuratum a mensura: et ideo eterna proprie non sunt in tempore. Secunda / que patiatur aliquid
sub tempore: consueuimus enim dicere que in tempore omnia senescunt et tabescunt: vt dicetur cir
ca vltimum textum huius tractatus. Et ideo entia que non possunt aliter se habere / seu
necessaria: similiter eas que non possunt esse / vt impossibilia: non sunt in tempore.</Unicode></TextEquiv></TextRegion><TextRegion custom="readingOrder {index:4;} structure {type:[heading];}" id="TextRegion_1653421798774_612" orientation="0.0"><Coords points="620,7142 5778,7142 5778,8417 620,8417"/><TextLine custom="readingOrder {index:0;}" id="line_1653421755322_564"><Coords points="5772,7464 5756,7277 5575,7235 5569,7235 5303,7267 5218,7224 5213,7224 5207,7224 5047,7256 4984,7224 4978,7224 4973,7224 4968,7224 4824,7267 4622,7224 4616,7224 4611,7224 4483,7277 4020,7240 4014,7240 4009,7240 3865,7277 3626,7240 3620,7240 3615,7240 3487,7277 3375,7229 3370,7229 3365,7229 3056,7261 2965,7219 2960,7219 2806,7219 2800,7219 2795,7219 2625,7272 2108,7229 2103,7229 2098,7229 1975,7277 1325,7277 1150,7219 1144,7219 665,7213 665,7458 665,7543 958,7527 1187,7559 1192,7559 1198,7559 1293,7527 1347,7559 1352,7559 1357,7559 1363,7565 1954,7565 1954,7559 1959,7559 2028,7527 2231,7527 2390,7559 2396,7559 2555,7527 2603,7559 2609,7559 2614,7559 3354,7565 3360,7565 3365,7565 3434,7533 4036,7533 4701,7565 4707,7565 4712,7565 4717,7565 4771,7533 5191,7533 5239,7559 5245,7559 5250,7559 5255,7559 5447,7533 5607,7565 5612,7565 5772,7527 5777,7469 5772,7464 5772,7464"/><Baseline points="670,7464 954,7468 1239,7470 1524,7472 1808,7474 2093,7476 2378,7476 2662,7476 2947,7476 3232,7476 3517,7476 3801,7474 4086,7474 4371,7474 4655,7472 4940,7472 5225,7472 5509,7472 5778,7472"/><TextEquiv><Unicode>Differentię temporum sunt tres: presens / preteritum et futurum. Pręteritum tempus</Unicode></TextEquiv></TextLine><TextLine custom="readingOrder {index:1;}" id="r1l46"><Coords points="633,7921 633,8124 1166,8118 1171,8118 1405,7991 1698,7969 2124,7975 2177,8012 2183,8012 2188,8012 2193,8012 2199,8012 2337,7969 2513,8007 2518,8007 2918,7996 3093,8044 3099,8044 3104,8044 3423,7980 3594,8012 3599,8012 3604,8012 3770,7964 3865,8007 3871,8007 3876,8007 3881,8007 4014,7969 4057,7991 4062,7991 4068,7991 4196,7964 4249,7996 4254,7996 4259,7996 4265,7996 4424,7975 4643,8044 4648,8044 4653,8044 4659,8044 4941,7959 5047,7991 5053,7991 5058,7991 5063,7991 5143,7953 5186,7985 5191,7985 5197,7985 5202,7991 5394,7991 5399,7911 5383,7693 5271,7719 5053,7682 5047,7682 5042,7682 4952,7719 4696,7687 4691,7687 4685,7687 4595,7724 4339,7724 4174,7666 4169,7666 4164,7666 4158,7666 3977,7719 3541,7719 3461,7666 3455,7666 3450,7666 3280,7666 3274,7666 3269,7666 3131,7719 3029,7693 3024,7693 3019,7693 2806,7724 2476,7671 2470,7671 2465,7671 2460,7671 2369,7730 2273,7730 2151,7687 2145,7687 1938,7677 1932,7677 1927,7677 1863,7708 1810,7671 1805,7671 1799,7671 1586,7671 1581,7671 1576,7671 1405,7724 1219,7671 1214,7671 750,7671 745,7671 740,7671 628,7724 633,7921"/><Baseline points="636,7924 874,7924 1112,7922 1350,7922 1589,7922 1827,7922 2065,7922 2304,7922 2542,7922 2780,7924 3019,7924 3257,7924 3495,7926 3733,7926 3972,7926 4210,7924 4448,7924 4687,7922 4925,7920 5163,7916 5402,7912"/><TextEquiv><Unicode>est quod nunc est / sed prius fuit. Pręsens est quod est finis preteriti et initium</Unicode></TextEquiv></TextLine><TextLine custom="readingOrder {index:2;}" id="r1l47"><Coords points="644,8518 1283,8518 1469,8560 1474,8560 1709,8544 1762,8571 1767,8571 1773,8576 1773,8571 1778,8571 1831,8544 1986,8571 1991,8571 1996,8571 2209,8518 2683,8576 2689,8576 2912,8523 2981,8555 2987,8555 2992,8555 2997,8555 3067,8518 3365,8518 3759,8523 3935,8576 3940,8576 3945,8576 3951,8576 4041,8528 4286,8518 4345,8555 4350,8555 4355,8555 4558,8571 4563,8571 4760,8534 4824,8576 4829,8576 4834,8576 4840,8582 5479,8582 5479,8576 5484,8576 5686,8512 5686,8363 5676,8124 5479,8161 5229,8118 5223,8118 5063,8150 4925,8129 4920,8129 4914,8129 4909,8129 4856,8166 4728,8129 4723,8129 4717,8129 4712,8129 4707,8129 4648,8172 3759,8172 3663,8129 3658,8129 3652,8129 3381,8161 3290,8118 3285,8118 2934,8113 2928,8113 2923,8113 2918,8113 2838,8166 2715,8166 2518,8113 2513,8113 2508,8113 2502,8113 2374,8161 2257,8140 2252,8140 2247,8140 2241,8140 2199,8172 1533,8172 1448,8113 1443,8113 1437,8113 644,8113 644,8369 644,8518"/><Baseline points="646,8370 898,8372 1150,8374 1402,8376 1655,8378 1907,8378 2159,8378 2412,8380 2664,8380 2916,8378 3169,8378 3421,8378 3673,8376 3925,8376 4178,8374 4430,8372 4682,8372 4935,8370 5187,8368 5439,8366 5692,8364"/><TextEquiv><Unicode>futuri continuati ad instans. Futurum tempus est quod non est / sed erit.</Unicode></TextEquiv></TextLine><TextEquiv><Unicode>Differentię temporum sunt tres: presens / preteritum et futurum. Pręteritum tempus
est quod nunc est / sed prius fuit. Pręsens est quod est finis preteriti et initium
futuri continuati ad instans. Futurum tempus est quod non est / sed erit.</Unicode></TextEquiv></TextRegion><TextRegion custom="readingOrder {index:5;} structure {type:catch-word;}" id="region_1653592207595_278" type="catch-word"><Coords points="5645,8824 4701,8824 4701,8433 5645,8433"/><TextLine custom="readingOrder {index:0;}" id="line_1653592216149_282"><Coords points="5484,8662 4742,8662 4742,8473 5484,8473"/><TextEquiv><Unicode>F 2</Unicode></TextEquiv></TextLine><TextEquiv><Unicode>F 2</Unicode></TextEquiv></TextRegion><TextRegion custom="readingOrder {index:6;} structure {type:margin;}" id="TextRegion_1653421768172_577" orientation="0.0"><Coords points="5778,3005 6428,3005 6428,3766 5778,3766"/><TextLine custom="readingOrder {index:0;}" id="r1l13"><Coords points="5841,3183 5836,3236 6357,3236 6363,3189 6357,3007 6219,3007 6187,2976 6187,2970 6182,2970 6176,2970 6171,2970 5841,2997 5841,3183"/><Baseline points="5842,3188 5868,3186 5894,3186 5920,3186 5946,3186 5972,3187 5998,3188 6024,3188 6050,3188 6076,3189 6103,3190 6129,3190 6155,3190 6181,3192 6207,3192 6233,3192 6259,3192 6285,3192 6311,3191 6337,3190 6364,3190"/><TextEquiv><Unicode>Esse in tem-</Unicode></TextEquiv></TextLine><TextLine custom="readingOrder {index:1;}" id="r1l15"><Coords points="5814,3332 5809,3396 6352,3401 6363,3343 6357,3199 5814,3204 5814,3332"/><Baseline points="5818,3336 5845,3338 5872,3338 5899,3339 5927,3340 5954,3341 5981,3342 6009,3342 6036,3343 6063,3344 6091,3345 6118,3346 6145,3346 6172,3346 6200,3346 6227,3347 6254,3348 6282,3348 6309,3348 6336,3348 6364,3346"/><TextEquiv><Unicode>pore exi-</Unicode></TextEquiv></TextLine><TextLine custom="readingOrder {index:2;}" id="r1l17"><Coords points="6128,3348 6075,3348 6027,3343 5905,3364 5873,3338 5868,3338 5862,3487 5857,3588 6011,3572 6278,3598 6288,3497 6288,3375 6134,3348 6128,3348"/><Baseline points="5868,3490 5894,3492 5920,3494 5947,3494 5973,3494 5999,3494 6026,3494 6052,3494 6079,3494 6105,3494 6131,3494 6158,3494 6184,3494 6210,3495 6237,3496 6263,3498 6290,3500"/><TextEquiv><Unicode>stentis.</Unicode></TextEquiv></TextLine><TextEquiv><Unicode>Esse in tem-
pore exi-
stentis.</Unicode></TextEquiv></TextRegion><TextRegion custom="readingOrder {index:7;} structure {type:margin;}" id="TextRegion_1653421775718_584" orientation="0.0"><Coords points="5778,3766 6428,3766 6428,4743 5778,4743"/><TextLine custom="readingOrder {index:0;}" id="r1l23"><Coords points="5830,4237 5825,4280 6395,4296 6405,4243 6405,4062 5830,4062 5830,4237"/><Baseline points="5832,4240 5860,4243 5889,4245 5918,4246 5947,4248 5976,4248 6004,4248 6033,4248 6062,4250 6091,4248 6120,4248 6148,4248 6177,4248 6206,4247 6235,4246 6264,4246 6292,4246 6321,4246 6350,4246 6379,4246 6408,4246"/><TextEquiv><Unicode>Esse in tem</Unicode></TextEquiv></TextLine><TextLine custom="readingOrder {index:1;}" id="r1l25"><Coords points="5825,4413 5825,4498 6219,4525 6224,4525 6230,4525 6373,4477 6373,4392 6352,4248 5814,4248 5825,4413"/><Baseline points="5830,4414 5857,4410 5884,4408 5911,4406 5938,4406 5966,4406 5993,4407 6020,4409 6047,4410 6074,4411 6102,4413 6129,4414 6156,4416 6183,4416 6210,4416 6238,4415 6265,4413 6292,4410 6319,4406 6346,4400 6374,4394"/><TextEquiv><Unicode>pore proprie</Unicode></TextEquiv></TextLine><TextEquiv><Unicode>Esse in tem
pore proprie</Unicode></TextEquiv></TextRegion><TextRegion custom="readingOrder {index:8;} structure {type:margin;}" id="TextRegion_1653421778244_588" orientation="0.0"><Coords points="5778,6993 6428,6993 6428,8417 5778,8417"/><TextLine custom="readingOrder {index:0;}" id="line_1653421755322_561"><Coords points="5772,7352 6421,7352 6427,7309 6411,7134 6272,7102 6267,7102 6262,7102 6214,7128 6139,7070 6134,7070 6128,7070 6123,7070 6118,7070 5947,7123 5782,7070 5777,7304 5772,7352"/><Baseline points="5778,7306 5804,7306 5837,7306 5870,7306 5903,7306 5936,7306 5968,7306 6001,7307 6034,7309 6067,7310 6100,7312 6132,7312 6165,7312 6198,7314 6231,7314 6263,7315 6296,7316 6329,7316 6362,7316 6395,7316 6428,7314"/><TextEquiv><Unicode>Differen-</Unicode></TextEquiv></TextLine><TextLine custom="readingOrder {index:1;}" id="line_1653421755322_563"><Coords points="6309,7320 6214,7346 6006,7309 6001,7309 5814,7352 5777,7458 5777,7469 5777,7575 5836,7618 5841,7618 5846,7618 5852,7618 6049,7575 6128,7613 6134,7613 6139,7613 6144,7613 6150,7613 6203,7575 6267,7602 6272,7602 6278,7602 6283,7602 6363,7570 6363,7469 6352,7320 6309,7320"/><Baseline points="5778,7472 5794,7472 6079,7474 6364,7474"/><TextEquiv><Unicode>tie temporum</Unicode></TextEquiv></TextLine><TextEquiv><Unicode>Differen-
tie temporum</Unicode></TextEquiv></TextRegion></Page></PcGts>