2625 3500
358 192 2328 294 prout in suis metis et graniciebus longe late et circumferencialiter sunt distincte
368 239 2442 336 et limitate de jure polonico et quovis alio in jus Theutonicum quod Maydemburgensem
362 300 2329 391 dicitur transtulimus et tenore presencium mediante transferimus temporibus perpetuis duraturis
347 344 2347 437 Removentes ibidem omnia juta Polonicalia et quevis alia modoset consvetudines
339 407 2338 489 universa que ipsum jus Theutunicum plurique consveverut perturbare Eximimus insuper
353 460 2360 550 et perpetuo liberamus omnes et singulos kmethones et quosuis dicte Civitatis et
331 509 2415 601 villarum predictarum Cives Incolas et inhabitatores ab omni jurisdiccione judicio et potestate
344 568 2444 654 omnium dignitariorum nostrorum palatinorum Castellanorum Capitaneorum Judicum subbjudicum et quorumvis officialium
344 630 2348 705 et ministerialium eorumdem ut coram ipsis aut ipsorum aliquo pro causis tam magnis
351 668 2387 772 quam parwis puta furti incendii homicidii sanguinis effusionis membrorum mutillacionis
345 721 2441 819 et aliis quibuscunque enormibus excessibus cittati minime respondebunt nec aliquas penas
321 794 2402 905 solvent et solvere teneantur Sed tantum dicti opidi et villarum incole et inhabitatores
374 847 2403 931 coram Scultetis qui pro tempore fuerint Sculteti vero coram nobis suis heredibus et hoc
358 893 2381 980 dum per litteram nostram Sigillo nostro Sigillatam evocati fuerint vel cittati et hoc si in
344 952 2438 1029 reddenda justicia fuerint negligentes et remissi tunc non aliter quam suo jure Theutunico
360 1007 2387 1089 de se querulantibus respondere sunt astricti In causis autem Criminalibus vel Capi
368 1065 2403 1141 talibus superius expressatis memorati opidi et villarum Scultetis in metis et gra
369 1110 2481 1197 niciebus judicandi puniendi corigendi Sentenciandi plectendi et condempnandi plenam
372 1169 2390 1263 damus et omnimodam concedemus tenore presencium facultatem prout hocipsum jus Theutunicum in omnibus
349 1218 2453 1318 suis punctis clausulis articulis condicionibus et capitulis postulat et requirit juribus tamen nostris
374 1279 2415 1362 Regalibus semper salvis harum quibus Sigillum nostrum presentibus est subappensum testimonio litterarum
393 1323 2417 1423 eo nihilominus non obmiso quod eosdem circa jura libertates et exempciones quibus alia
387 1378 2481 1486 opida in Regno nostro consistencia in solucione exaccionum stacionum et tradicione podwodirum
355 1433 2431 1536 pro necessitate ...egēꝝ contingencium ab antiquo et ... fruutur pociuntur et gaudent
393 1492 2410 1582 duximus conservandas et conservavimus per presentes nec eos ad alias insolitas et novas
378 1547 2364 1630 adinvenciones preterquam more solito volumus obligari et quovismodo subjacere
359 1610 2383 1702 Actum Cracovie feria quinta proxima post conductum Pasche Anno Domini 1456 presentibus
378 1661 2389 1752 ibidem Reverendis in Christo patre domino Thoma Episcopo Cracoviensi Necnon Magnificis
359 1723 2416 1813 Johanne de Czyszow Castellano et Capitaneo Johanne de Thanczyn palatino Cracoviensibus
364 1785 2472 1864 Nicolao Scherlensky de Stiborze Brestensi palatino Predborio de Conyeczpole Sandomiriensi
380 1833 2406 1921 Czeslao de Curoswanky Lublinensi Castellanis et aliis quampluribus fidedignis
399 1887 2488 2000 Datum per manus venerabilis Johannis Lutkonis de Brzesze utriusque juri doctoris Apostolici prothonotarii
389 1948 2369 2053 et auditores causarum Sacri palacii ejusdem Archidiaconi Gneznensis Regni Polonie vicecancellarii
1576 2075 2416 2180 de Relacio ejusdem domini vicecancellarii
