2597 3500
260 1187 1175 1287 forum septimanale et jus Theuthonicum
1175 1181 1402 1271 Civitatis
996 1257 1274 1333 Wolwram
192 1366 2191 1463 In nomine Domini Amen Ad rei memoriam sempiternam Quia tunc multis
303 1439 2176 1514 errorum et dubiorum prudenter occurimus incomodis dum gesta etatis nostre litterarum
265 1483 2204 1577 apicibus et testium annotacione perhennamus proinde Nos Kazimirus Dei gracia Rex Polonie
269 1541 2259 1616 necnon terrarum Cracovie Sandomirie Siradie Lancicie Cuyawie Magnus dux Lithwanie Russie
263 1598 2201 1682 Prussie Chulmensis Elbingensis Konigspergensis et Pomeranie dominus et heres Significamus
278 1658 2182 1730 tenore presencium quibus expedit universis presentibus et futuris presencium noticiam habituris
245 1705 2252 1799 Quomodo venientes ad nostre magestatis presenciam proinde magistri civium consules et tota communitas
269 1767 2195 1846 Civitatis nostre Wolwram nostre humiliter exposuerut magestate qualiter eis jura
260 1823 2190 1906 privilegia et cetera munimenta casu infausto simul dum Civitas eorum arderet
275 1869 2216 1954 ignis voragine forent consumpta et absorpta supplicaruntque nobis qualis ipsis alia
244 1930 2223 2015 jura et privilegia tam juris Theutonici quam fori septimanales et alia illis opportuna
259 1987 2219 2067 wt̄a dare concedere tradere et donare dignaremur graciose Nos tamen supplicacionibus
251 2030 2238 2135 eorum permoti et benigniter anuentes non per errorem aut improvide sed animo deliberato
255 2080 2247 2185 sanoque prelatorum et Baronum nostrorum accedentes consilio de certaque nostra sciencia forum septimanale
254 2143 2253 2238 in prefata Civitate Wolwram feria quinta qualibet septimana annis singulis celebrandum
248 2216 2234 2290 institimus concessus donavimus et graciose largiti sumus tenoreque presencium damus donamus
241 2278 2197 2350 concedemus innowamus et institimus perpetuus temporibus duraturum itaque prefati opidani de
227 2320 2258 2413 Wolwram et inhabitatores ejusdem exnunc et prout dudum manca consueverut hujusmodi
237 2370 2205 2472 forum septimanale in dicto opido singulis annis et septimanis habere celebrare observare et
234 2417 2292 2518 continuare possint et valeant singulis feriis quintis ut premissam est cum libertatibus exempcionibus
231 2493 2270 2577 consvetudinibus et prerogativis solitis et consvetis quibus opida et alie Civitates ipsi
257 2541 2225 2620 Civitati Wolwram vicine et contigue in ipsorum pons gaudent pociuntur et fruuntur
237 2607 2209 2691 Impedimentis quibuslibet procul metis Inhibentes universis et singulis palatinis castellanis capitaneis
245 2665 2229 2747 Baronibus militibus nobilibus procuribus clientibus magistris civium consulibus juratis Civitatum
251 2714 2246 2798 opidorum et aliorum locorum ceterisque officialibus necnon omnibus nostris et Regni nostri Subditis
258 2760 2251 2873 presentibus et futuris firmiter et districte precipimus et mandamus qualis prefatos Cives
255 2822 2251 2912 et inhabitatores necnon mercatores et alios homines advenas aut vectores opidum
249 2885 2263 2979 prefatum Wolwram visitantes in ipsorum personis mercibus et rebus nulla presumatis
248 2941 2230 3037 impedire racione aut per quempiam impedire admittatis Porro venientes ipsorum
251 2996 2188 3079 Civium nostrorum de Wolwram condicionem facere meliorem ipsos opidanos nostros
231 3055 2173 3137 de Wolwram ... et villarum eodem simul cum eis jure gaudencium kmethones
228 3113 2164 3215 incolas et inhabitatores earundem videlicet Leliszow et Dluszecz in terra Cracoviensi situatarum
