2855 3913
974 296 1287 361 CCLIII
875 446 1358 503 Liber Iuris
305 573 1991 655 ¶ Si culpet dominus vasallum: que terminum neglexerit: feudum
296 639 1985 721 repetendo: et homagium non exhibendo: seu etiam feudum extrahendo:
299 705 1989 786 ille iuramento suam innocentiam expurgabit. nisi forte dominus probare
305 774 1994 852 valeat: que post anni terminum: coram hominibus suis abiudicata sit
305 836 1985 920 omnis impetitio in feudo supra dicto. Iuramento sex testium: et suo
308 901 1979 983 debet dominus evincere feudum a vasallo ¶ Si dicat dominus que coram
302 967 1961 1049 suis hominibus iuste abiudicaverit impetitionem vasallo: et ille dixe-
302 1033 1968 1113 rit: que infra terminum suum infeudari repetiuit: aut etiam feudum ex-
290 1097 1973 1178 traxit: et hoc testibus velit probare. si hoc faciat testimonium domini ad-
290 1163 1970 1245 nullabit. ¶ Si ad querelam alterius: dominus abiudicet bona vasalli: debet
293 1232 1979 1310 actorem mittere in possessionem rei iudicate. Illi tamen remanet actio extra
290 1295 1979 1373 hendi bona sua infra terminum quem dominus ei assignauerit. dominus autem
302 1361 1965 1439 tenetur coram suis hominibus terminum assignare per sententiam: quem
299 1427 1968 1508 debet actori per duas Hebdomadas intimare. in quo si reus appareat
293 1490 1973 1575 et non actor: liber per sententiam iudicatur. nisi forte exceptione legittima
296 1560 1974 1640 que ostendatur in iure actor fuerit impeditus: que probata: actor remanet
287 1625 1964 1701 absque damno. ¶ Infra terminum feudum extrahendi: si moriatur ab-
284 1689 1961 1770 iudicatus: extractionem heredat in filium: et ille sequitur feudum ad
290 1758 1953 1832 alium dominum. ¶ Si dominus suus moritur. aut resignat. aut vendit aut in
287 1823 1965 1901 debite contradicat heres conferre non poterit si quid vacat. nisi prius suum
293 1887 1964 1965 feudum extraxerit erga dominum. ¶ Si ad alium dominum feudum devolva
278 1946 1961 2028 tur: non oportet illum feudum extrahere. sed tamen sequatur feudum secundum
302 2018 1955 2097 ius feudale Ideo oportet filium bona sua dominum extrahere
293 2080 1952 2163 si pater moriatur. ¶ Quotiens feudum ad alium dominum devoluitur
281 2144 1959 2231 terminus feudum repetendi totiens renovatur. ¶ Infra terminum
284 2212 1956 2297 quem dominus vasallo posuit ad respondendum. potest idem feudum
287 2276 1943 2366 conferre: et in filium heredare. Filius non respondet domino loco patris:
278 2337 1955 2430 nisi forte bona possideat: super quibus pater erat conventus: aut si pena
281 2404 1952 2492 in bonis ipsius domino fuerit indicata: illam oportet ipsum solvere:
281 2470 1950 2557 aut iure patris iusto iudicio excusare. ¶ Si requirat vasallus a domino
284 2538 1934 2622 feudum: quod non possidet: et dominus coram hominibus suis termi
278 2602 1932 2691 num assignet eidem. vasallus non poterit idem alteri conferre infra ter-
281 2667 1940 2763 minum. ¶ Si in presentia vasalli sibi feudum abiudicetur: et non re-
299 2736 1790 2829 clamat. hic non poterit a modo feudum extrahere sacramento.
305 2825 1916 2911 Tria sunt que poterit dominus probare contra vasallum.
333 2954 363 3005 t
437 2910 1952 2977 Ria sunt tantum que dominus probare poterit contra va
428 2977 1928 3042 sallum: quod loquitur: quod facit: quod promittit in iudicio-
443 3040 1953 3107 feudali. Si etiam Regis obsequium fuerit vasallo per senten
290 3085 1958 3185 tiam imperatum dominus hoc poterit contra vasallum probare. per suos
