2855 3913
1098 357 1533 410 Fo.C.XLV.
954 444 2022 503 Pacis perpetue.
2022 458 2414 505 Summarium
401 477 2065 590 regio et sub fide prestiti iuramenti pro se et successoribus suis regibus et regno polonie.
395 548 2065 655 que nos prefatum magistrum commendatores et ordines prelatos milites vasallos
404 609 2065 722 et subditos nostros in prussia: nostrosque successores affectione regia tractabit
398 674 2065 791 honorabit et diliget Nos que magistrum commendatores et ordinem successorsque
393 741 2065 852 prelatos nobiles cives subditos et terrasnostras velut principis consiliarii et
389 806 2065 914 unitorum suorum in nostris iuribus et libertatibus privilegiis munimentis et limitibus
383 873 2065 982 que presenti unioni et federi aut eius articulis et conditionibus nostris contrariantur conservabit ab u
374 935 2048 1052 niversis quoque hostibus nostris vexatoribus et impugnatoribus in terris quas possidemus
386 1004 2054 1115 prussie tuebitur et defendet. ¶ Tenebimur quoque nos lodovicus magister prefa
374 1064 2051 1182 tus et quelibet successor noster in officium magisterii assumptus et assumendus post sex
380 1134 2051 1245 menses a die assumptionis in magisterium. prefato serenissimo Kazi. regi
377 1200 2055 1313 et suis successoribus regibus polonie personaliter representari. et illic pro nobis commenda
380 1266 2042 1377 toribus et terris quas habemus in prussia. sibi et successoribus suis regibus et regno
368 1332 2045 1443 polonie prestare debite fidelitatis et de observanda presenti pace et numquam petenda ab
368 1395 2054 1511 solutione seu relaxatione iuramnti. nec concessa uti aut concedenda Iuramentum ac
362 1461 2039 1575 in prefati domini Kazimiri. regis suorum que successorum regum polonie. sinistra parte prima
365 1526 2043 1643 rium habere locum et sessionem Cui quidem domino kazimiro. regi successoribus suis regi
368 1590 2042 1707 bus regno polonie nos nostrosque successores commendatores prelatos milites vasal
368 1658 2033 1772 los et subditos terrasque omnes nostras a nobis nunc possessas et in posterum possi-
362 1725 2045 1836 dendas conquisitas et conquirendas etiam in terris paganrum extra terras prussie dicto
365 1790 2063 1904 domino kazi. regi et regno polonie perpetuo connectimus iungimus et invi
356 1856 2033 1965 sceramus ea conditione et respctum ut nos prefati lodovicus magister nostri successores
356 1922 2042 2033 commendatores et conventus prelati barones milites terrigene et persone singule tam
353 1988 2048 2099 ecclesiastice quam seculares. et omnes terre nostre atque homines in illis degentes in prussia
350 2052 2039 2165 sumus amplius et de cetero cum prefato serenissimo domino rege kazi. successori
350 2118 2021 2228 bus que suis regibus et regno polonie unum et individuum corpus una gens unus
338 2183 2042 2300 populus. in amicitia federe et unione nullum alium preter summum pontificem quam prefatum
350 2249 2033 2369 dominum kazimirum regem et successores suos reges polonie pro nostro capite et superiore
341 2310 2033 2435 recognitum. ita ut teneamur et sumus obligati. nos successoresque nostri pre
350 2379 2024 2502 fatum dominum kazimirum regem et successores suos reges et regnum polonie sive in pro
344 2444 2027 2565 speris sive in adversis nunquam deserere. sed sibi et successoribus suis regibus et re
332 2508 2015 2630 gno polonie. contra omnes hostes et adversarios suos regni sui polonie more ali-
329 2573 2027 2699 orum principum prelatorum baronum regni polonie assistere eosque in guerris et in ad
338 2639 2027 2765 versitatibus nostris potentiis adiuvare consiliis auxiliis et suffragii oppo
326 2706 1994 2829 tunis ¶ Nec sine suo et successorum suorum regnuʒm polonie. ipsi quoque sine nostro
332 2771 1991 2900 et consiliorum commendatorum prelatorum et militum nostrorum prussie speciali. et expres
332 2837 1985 2964 so consilio voluntate et consensu. cum quibuscunque personis. quicunque prefulgeant
329 2900 1991 3026 dignitate Celebrabimus statuemus aut firmabimus: alique federa inscriptiones
329 2963 1985 3090 el contractus publice vel occulte. per se. vel submissas personas: sed nec nos magister
329 3030 1994 3155 commendatores nostrique successores. bella aliqua contra catholicos sive prefati domini
332 3096 2001 3222 kazimiri regis. et successorum suorum regni polonie spaeciali movebimus consensu.
323 3177 2000 3308 Forma autem iuramenti sub qua nos Lodovicus
320 3243 1991 3386 magister et successores nostri magistri serenissimo domino Kazimiro regi et succes
299 3306 2012 3461 soribus suis. regibus. et regno polonie iurare tenebimur talis erit ¶ Ego
2117 1096 2346 1138 ¶ De magistri post
2102 1147 2345 1187 sex menses repre
2106 1195 2345 1232 sentatione et iura
2097 1240 2346 1282 mento fidelita
2106 1289 2360 1332 tis patrando.
2103 1477 2346 1516 ¶ De loco ma
2090 1525 2343 1562 gistri in consilio
2094 1573 2348 1613 regis polo. pri
2088 1621 2331 1658 ori. a sinistris
2046 2779 2304 2836 ¶ Magister nullos
2042 2830 2303 2888 contractus seu fede
2041 2876 2297 2937 ra sine regis po
2038 2923 2288 2984 lonie consensu fa
2036 2979 2219 3030 cere debet.
