<?xml version="1.0" encoding="UTF-8" standalone="yes"?>
<PcGts xmlns="http://schema.primaresearch.org/PAGE/gts/pagecontent/2013-07-15" xmlns:xsi="http://www.w3.org/2001/XMLSchema-instance" xsi:schemaLocation="http://schema.primaresearch.org/PAGE/gts/pagecontent/2013-07-15 http://schema.primaresearch.org/PAGE/gts/pagecontent/2013-07-15/pagecontent.xsd">
    <Metadata>
        <Creator>prov=University of Rostock/Institute of Mathematics/CITlab|PLANET AI GmbH/Tobias Gruening/tobias.gruening@planet-ai.de:name=/net_tf/LA73_249_0mod360.pb:de.uros.citlab.segmentation.CITlab_LA_ML:v=2.6.7
Transkribus</Creator>
        <Created>2021-10-10T01:59:15.410+02:00</Created>
        <LastChange>2022-12-17T16:26:39.538+01:00</LastChange>
        <TranskribusMetadata docId="800866" pageId="30104273" pageNr="387" tsid="66230028" status="IN_PROGRESS" userId="14555" imgUrl="https://files.transkribus.eu/Get?id=WZCMFACPSZGFQWNOFOMGBKJP&amp;fileType=view" xmlUrl="https://files.transkribus.eu/Get?id=AOKRMAFDDUTNPDGJIQOGWGVW" imageId="23647612"/>
    </Metadata>
    <Page imageFilename="365138_Co_m_mune_incliti_Polonie_Regni_priuilegium_co_n_s-0387.jpg" imageWidth="2855" imageHeight="3913">
        <ReadingOrder>
            <OrderedGroup id="ro_1671290799554" caption="Regions reading order">
                <RegionRefIndexed index="0" regionRef="TextRegion_1636632093034_223"/>
                <RegionRefIndexed index="1" regionRef="TextRegion_1636632129658_240"/>
                <RegionRefIndexed index="2" regionRef="TextRegion_1636632137031_247"/>
                <RegionRefIndexed index="3" regionRef="TextRegion_1636632137031_246"/>
                <RegionRefIndexed index="4" regionRef="TextRegion_1636632144327_254"/>
                <RegionRefIndexed index="5" regionRef="TextRegion_1636632148431_260"/>
                <RegionRefIndexed index="6" regionRef="TextRegion_1636632148431_259"/>
            </OrderedGroup>
        </ReadingOrder>
        <TextRegion orientation="0.0" type="header" id="TextRegion_1636632093034_223" custom="readingOrder {index:0;} structure {type:header;}">
            <Coords points="338,498 2001,498 2001,562 338,562"/>
            <TextLine id="r3l1" custom="readingOrder {index:0;}">
                <Coords points="842,535 867,536 893,536 918,538 944,538 969,538 995,538 1021,537 1046,536 1072,536 1097,535 1123,535 1149,534 1174,533 1200,533 1225,532 1251,532 1277,532 1277,498 1251,498 1225,498 1200,499 1174,499 1149,500 1123,501 1097,501 1072,502 1046,502 1021,503 995,504 969,504 944,504 918,504 893,502 867,502 842,501"/>
                <Baseline points="842,524 867,525 893,525 918,527 944,527 969,527 995,527 1021,526 1046,525 1072,525 1097,524 1123,524 1149,523 1174,522 1200,522 1225,521 1251,521 1277,521"/>
                <TextEquiv>
                    <Unicode>Regestrum</Unicode>
                </TextEquiv>
            </TextLine>
            <TextEquiv>
                <Unicode>Regestrum</Unicode>
            </TextEquiv>
        </TextRegion>
        <TextRegion orientation="0.0" type="paragraph" id="TextRegion_1636632129658_240" custom="readingOrder {index:1;} structure {type:paragraph;}">
            <Coords points="338,562 1141,562 1141,1998 338,1998"/>
            <TextLine id="r3l2" custom="readingOrder {index:0;}">
                <Coords points="368,638 404,644 441,647 478,652 515,653 552,656 589,658 626,659 663,659 700,659 737,659 773,658 810,656 847,656 884,655 921,654 958,653 995,653 1032,653 1069,653 1106,653 1106,619 1069,619 1032,619 995,619 958,619 921,620 884,621 847,622 810,622 773,624 737,625 700,625 663,625 626,625 589,624 552,622 515,619 478,618 441,613 404,610 368,604"/>
                <Baseline points="368,627 404,633 441,636 478,641 515,642 552,645 589,647 626,648 663,648 700,648 737,648 773,647 810,645 847,645 884,644 921,643 958,642 995,642 1032,642 1069,642 1106,642"/>
                <TextEquiv>
                    <Unicode>Relicta que et qualia armia bellica dare te-</Unicode>
                </TextEquiv>
            </TextLine>
            <TextLine id="r3l4" custom="readingOrder {index:1;}">
                <Coords points="401,692 436,695 471,698 506,700 542,702 577,704 612,704 648,704 683,704 718,704 754,704 789,704 824,704 859,703 895,703 930,703 965,701 1001,701 1036,701 1071,702 1107,703 1107,669 1071,668 1036,667 1001,667 965,667 930,669 895,669 859,669 824,670 789,670 754,670 718,670 683,670 648,670 612,670 577,670 542,668 506,666 471,664 436,661 401,658"/>
                <Baseline points="401,681 436,684 471,687 506,689 542,691 577,693 612,693 648,693 683,693 718,693 754,693 789,693 824,693 859,692 895,692 930,692 965,690 1001,690 1036,690 1071,691 1107,692"/>
                <TextEquiv>
                    <Unicode>netur propinquioribus meriti sui. folio</Unicode>
                </TextEquiv>
            </TextLine>
            <TextLine id="r3l6" custom="readingOrder {index:2;}">
                <Coords points="357,734 393,739 429,743 465,746 501,749 537,750 573,752 609,753 645,754 681,754 718,754 754,754 790,754 826,753 862,752 898,752 934,752 970,752 1006,752 1042,752 1079,752 1079,718 1042,718 1006,718 970,718 934,718 898,718 862,718 826,719 790,720 754,720 718,720 681,720 645,720 609,719 573,718 537,716 501,715 465,712 429,709 393,705 357,700"/>
                <Baseline points="357,723 393,728 429,732 465,735 501,738 537,739 573,741 609,742 645,743 681,743 718,743 754,743 790,743 826,742 862,741 898,741 934,741 970,741 1006,741 1042,741 1079,741"/>
                <TextEquiv>
                    <Unicode>Reo excipiente se ab instantia CC.iiii</Unicode>
                </TextEquiv>
            </TextLine>
            <TextLine id="r3l8" custom="readingOrder {index:3;}">
                <Coords points="396,787 422,790 449,791 476,795 503,796 530,797 557,799 584,800 611,800 638,802 665,803 665,770 638,769 611,767 584,767 557,766 530,764 503,763 476,762 449,758 422,757 396,754"/>
                <Baseline points="396,776 422,779 449,780 476,784 503,785 530,786 557,788 584,789 611,789 638,791 665,792"/>
                <TextEquiv>
                    <Unicode>actoris. fo. ccxiii</Unicode>
                </TextEquiv>
            </TextLine>
            <TextLine id="r3l10" custom="readingOrder {index:4;}">
                <Coords points="368,830 404,835 440,838 477,841 513,844 550,846 586,847 623,848 659,848 696,848 732,848 768,848 805,848 841,848 878,847 914,847 951,847 987,845 1024,845 1060,847 1097,847 1097,814 1060,814 1024,812 987,812 951,814 914,814 878,814 841,815 805,815 768,815 732,815 696,815 659,815 623,815 586,814 550,813 513,811 477,808 440,805 404,802 368,797"/>
                <Baseline points="368,819 404,824 440,827 477,830 513,833 550,835 586,836 623,837 659,837 696,837 732,837 768,837 805,837 841,837 878,836 914,836 951,836 987,834 1024,834 1060,836 1097,836"/>
                <TextEquiv>
                    <Unicode>Reo per non diligentiam in causa succum</Unicode>
                </TextEquiv>
            </TextLine>
            <TextLine id="r3l12" custom="readingOrder {index:5;}">
                <Coords points="393,883 418,885 443,888 468,890 493,892 518,893 543,895 568,896 593,896 618,898 643,898 668,899 668,865 643,864 618,864 593,862 568,862 543,861 518,859 493,858 468,856 443,854 418,851 393,849"/>
                <Baseline points="393,872 418,874 443,877 468,879 493,881 518,882 543,884 568,885 593,885 618,887 643,887 668,888"/>
                <TextEquiv>
                    <Unicode>bente. 'o.cc.xiiij.</Unicode>
                </TextEquiv>
            </TextLine>
            <TextLine id="r3l14" custom="readingOrder {index:6;}">
                <Coords points="356,925 392,930 429,934 466,938 503,940 539,942 576,944 613,944 650,946 686,946 723,946 760,944 797,944 833,944 870,943 907,943 944,943 980,943 1017,943 1054,944 1091,946 1091,913 1054,911 1017,910 980,910 944,910 907,910 870,910 833,911 797,911 760,911 723,913 686,913 650,913 613,911 576,911 539,909 503,907 466,905 429,901 392,897 356,892"/>
                <Baseline points="356,914 392,919 429,923 466,927 503,929 539,931 576,933 613,933 650,935 686,935 723,935 760,933 797,933 833,933 870,932 907,932 944,932 980,932 1017,932 1054,933 1091,935"/>
                <TextEquiv>
                    <Unicode>Reprobatione sententie per Saxonem. fo. cc.xvi.</Unicode>
                </TextEquiv>
            </TextLine>
            <TextLine id="r3l16" custom="readingOrder {index:7;}">
                <Coords points="357,973 394,978 431,981 468,985 505,988 542,989 579,991 616,992 653,992 690,992 727,992 764,992 801,992 838,991 875,991 912,991 949,991 986,991 1023,992 1060,992 1097,995 1097,962 1060,959 1023,959 986,958 949,958 912,958 875,958 838,958 801,959 764,959 727,959 690,959 653,959 616,959 579,958 542,956 505,955 468,952 431,948 394,945 357,940"/>
                <Baseline points="357,962 394,967 431,970 468,974 505,977 542,978 579,980 616,981 653,981 690,981 727,981 764,981 801,981 838,980 875,980 912,980 949,980 986,980 1023,981 1060,981 1097,984"/>
                <TextEquiv>
                    <Unicode>Recompensa singulorum membrorum mu-</Unicode>
                </TextEquiv>
            </TextLine>
            <TextLine id="r3l18" custom="readingOrder {index:8;}">
                <Coords points="393,1025 418,1030 444,1034 469,1036 495,1037 521,1039 546,1039 572,1039 597,1039 623,1039 649,1040 674,1040 700,1042 726,1043 726,1010 700,1009 674,1007 649,1007 623,1006 597,1006 572,1006 546,1006 521,1006 495,1004 469,1003 444,1001 418,997 393,992"/>
                <Baseline points="393,1014 418,1019 444,1023 469,1025 495,1026 521,1028 546,1028 572,1028 597,1028 623,1028 649,1029 674,1029 700,1031 726,1032"/>
                <TextEquiv>
                    <Unicode>tilatorum. fo. ccxvii</Unicode>
                </TextEquiv>
            </TextLine>
            <TextLine id="r3l20" custom="readingOrder {index:9;}">
                <Coords points="360,1069 392,1074 425,1078 457,1081 490,1084 522,1085 555,1087 587,1088 620,1088 652,1088 685,1088 718,1088 750,1088 783,1087 815,1087 848,1087 880,1087 913,1085 945,1087 978,1087 1011,1087 1011,1054 978,1054 945,1054 913,1052 880,1054 848,1054 815,1054 783,1054 750,1055 718,1055 685,1055 652,1055 620,1055 587,1055 555,1054 522,1052 490,1051 457,1048 425,1045 392,1041 360,1036"/>
                <Baseline points="360,1058 392,1063 425,1067 457,1070 490,1073 522,1074 555,1076 587,1077 620,1077 652,1077 685,1077 718,1077 750,1077 783,1076 815,1076 848,1076 880,1076 913,1074 945,1076 978,1076 1011,1076"/>
                <TextEquiv>
                    <Unicode>Recompensa membrorum fo. ccvviii</Unicode>
                </TextEquiv>
            </TextLine>
            <TextLine id="r3l22" custom="readingOrder {index:10;}">
                <Coords points="356,1118 392,1122 429,1126 465,1130 502,1131 539,1133 575,1135 612,1135 649,1136 685,1136 722,1135 759,1135 795,1135 832,1135 869,1135 905,1135 942,1135 979,1135 1015,1135 1052,1136 1089,1138 1089,1104 1052,1102 1015,1101 979,1101 942,1101 905,1101 869,1101 832,1101 795,1101 759,1101 722,1101 685,1102 649,1102 612,1101 575,1101 539,1099 502,1097 465,1096 429,1092 392,1088 356,1084"/>
                <Baseline points="356,1107 392,1111 429,1115 465,1119 502,1120 539,1122 575,1124 612,1124 649,1125 685,1125 722,1124 759,1124 795,1124 832,1124 869,1124 905,1124 942,1124 979,1124 1015,1124 1052,1125 1089,1127"/>
                <TextEquiv>
                    <Unicode>Rebus in flumine per aliquem repertis. fo</Unicode>
                </TextEquiv>
            </TextLine>
            <TextLine id="r3l24" custom="readingOrder {index:11;}">
                <Coords points="359,1166 396,1171 433,1175 470,1178 507,1181 545,1182 582,1183 619,1184 656,1184 693,1183 731,1183 768,1183 805,1182 842,1181 879,1181 917,1181 954,1183 991,1183 1028,1185 1065,1187 1103,1190 1103,1156 1065,1153 1028,1151 991,1149 954,1149 917,1147 879,1147 842,1147 805,1148 768,1149 731,1149 693,1149 656,1150 619,1150 582,1149 545,1148 507,1147 470,1144 433,1141 396,1137 359,1132"/>
                <Baseline points="359,1155 396,1160 433,1164 470,1167 507,1170 545,1171 582,1172 619,1173 656,1173 693,1172 731,1172 768,1172 805,1171 842,1170 879,1170 917,1170 954,1172 991,1172 1028,1174 1065,1176 1103,1179"/>
                <TextEquiv>
                    <Unicode>Redditibus quando aliquid eorum Cccxx</Unicode>
                </TextEquiv>
            </TextLine>
            <TextLine id="r3l26" custom="readingOrder {index:12;}">
                <Coords points="392,1220 426,1223 461,1226 496,1228 530,1230 565,1231 600,1231 634,1232 669,1232 704,1232 739,1231 773,1231 808,1231 843,1231 877,1229 912,1229 947,1229 981,1229 1016,1231 1051,1231 1086,1232 1086,1198 1051,1197 1016,1197 981,1195 947,1195 912,1195 877,1195 843,1197 808,1197 773,1197 739,1197 704,1198 669,1198 634,1198 600,1197 565,1197 530,1196 496,1194 461,1192 426,1189 392,1186"/>
                <Baseline points="392,1209 426,1212 461,1215 496,1217 530,1219 565,1220 600,1220 634,1221 669,1221 704,1221 739,1220 773,1220 808,1220 843,1220 877,1218 912,1218 947,1218 981,1218 1016,1220 1051,1220 1086,1221"/>
                <TextEquiv>
                    <Unicode>sit deservitus tam in decimis quam negotio</Unicode>
                </TextEquiv>
            </TextLine>
            <TextLine id="r3l29" custom="readingOrder {index:13;}">
                <Coords points="386,1268 421,1272 457,1275 493,1276 529,1279 564,1279 600,1280 636,1280 672,1280 707,1280 743,1280 779,1279 815,1279 850,1279 886,1279 922,1279 958,1279 993,1279 1029,1280 1065,1282 1101,1285 1101,1251 1065,1248 1029,1246 993,1245 958,1245 922,1245 886,1245 850,1245 815,1245 779,1245 743,1246 707,1246 672,1246 636,1246 600,1246 564,1245 529,1245 493,1242 457,1241 421,1238 386,1234"/>
                <Baseline points="386,1257 421,1261 457,1264 493,1265 529,1268 564,1268 600,1269 636,1269 672,1269 707,1269 743,1269 779,1268 815,1268 850,1268 886,1268 922,1268 958,1268 993,1268 1029,1269 1065,1271 1101,1274"/>
                <TextEquiv>
                    <Unicode>tutorie seu feudi et de homine censuali. fo.</Unicode>
                </TextEquiv>
            </TextLine>
            <TextLine id="r3l30" custom="readingOrder {index:14;}">
                <Coords points="408,1314 433,1319 458,1321 483,1323 508,1325 534,1329 534,1299 508,1295 483,1293 458,1291 433,1289 408,1284"/>
                <Baseline points="408,1304 433,1309 458,1311 483,1313 508,1315 534,1319"/>
                <TextEquiv>
                    <Unicode>CC.xxiij</Unicode>
                </TextEquiv>
            </TextLine>
            <TextLine id="r3l32" custom="readingOrder {index:15;}">
                <Coords points="356,1358 392,1363 429,1366 465,1369 502,1370 539,1372 575,1372 612,1373 649,1372 685,1372 722,1372 759,1370 795,1370 832,1370 869,1369 905,1369 942,1369 979,1370 1015,1371 1052,1372 1089,1375 1089,1342 1052,1339 1015,1338 979,1337 942,1336 905,1336 869,1336 832,1337 795,1337 759,1337 722,1339 685,1339 649,1339 612,1340 575,1339 539,1339 502,1337 465,1336 429,1333 392,1330 356,1325"/>
                <Baseline points="356,1347 392,1352 429,1355 465,1358 502,1359 539,1361 575,1361 612,1362 649,1361 685,1361 722,1361 759,1359 795,1359 832,1359 869,1358 905,1358 942,1358 979,1359 1015,1360 1052,1361 1089,1364"/>
                <TextEquiv>
                    <Unicode>De Rebus impigneratis et de unius in alterius</Unicode>
                </TextEquiv>
            </TextLine>
            <TextLine id="r3l35" custom="readingOrder {index:16;}">
                <Coords points="393,1414 426,1417 459,1418 492,1420 526,1421 559,1421 592,1421 626,1421 659,1420 692,1420 726,1420 759,1418 792,1418 825,1418 859,1418 892,1418 925,1418 959,1419 992,1421 1025,1423 1059,1426 1059,1393 1025,1390 992,1388 959,1386 925,1385 892,1385 859,1385 825,1385 792,1385 759,1385 726,1387 692,1387 659,1387 626,1388 592,1388 559,1388 526,1388 492,1387 459,1385 426,1384 393,1381"/>
                <Baseline points="393,1403 426,1406 459,1407 492,1409 526,1410 559,1410 592,1410 626,1410 659,1409 692,1409 726,1409 759,1407 792,1407 825,1407 859,1407 892,1407 925,1407 959,1408 992,1410 1025,1412 1059,1415"/>
                <TextEquiv>
                    <Unicode>possessionem transeuntibus. fo. ccxxiiii.</Unicode>
                </TextEquiv>
            </TextLine>
            <TextLine id="r3l36" custom="readingOrder {index:17;}">
                <Coords points="353,1457 390,1460 427,1463 464,1465 501,1466 538,1468 575,1468 612,1469 649,1469 686,1469 723,1469 760,1468 797,1468 834,1468 871,1468 908,1469 945,1469 982,1469 1019,1471 1056,1473 1094,1475 1094,1442 1056,1440 1019,1438 982,1436 945,1436 908,1436 871,1435 834,1435 797,1435 760,1435 723,1436 686,1436 649,1436 612,1436 575,1435 538,1435 501,1433 464,1432 427,1430 390,1427 353,1424"/>
                <Baseline points="353,1446 390,1449 427,1452 464,1454 501,1455 538,1457 575,1457 612,1458 649,1458 686,1458 723,1458 760,1457 797,1457 834,1457 871,1457 908,1458 945,1458 982,1458 1019,1460 1056,1462 1094,1464"/>
                <TextEquiv>
                    <Unicode>Rebus per venditorem et dantem iterum</Unicode>
                </TextEquiv>
            </TextLine>
            <TextLine id="r3l38" custom="readingOrder {index:18;}">
                <Coords points="392,1508 417,1511 442,1513 467,1514 492,1516 518,1517 543,1517 568,1517 593,1517 618,1516 644,1516 669,1516 694,1517 719,1517 744,1518 770,1520 770,1486 744,1484 719,1483 694,1483 669,1482 644,1482 618,1482 593,1483 568,1483 543,1483 518,1483 492,1482 467,1480 442,1479 417,1477 392,1474"/>
                <Baseline points="392,1497 417,1500 442,1502 467,1503 492,1505 518,1506 543,1506 568,1506 593,1506 618,1505 644,1505 669,1505 694,1506 719,1506 744,1507 770,1509"/>
                <TextEquiv>
                    <Unicode>repetendis. fo. ccxxvii.</Unicode>
                </TextEquiv>
            </TextLine>
            <TextLine id="r3l41" custom="readingOrder {index:19;}">
                <Coords points="353,1552 390,1556 427,1559 464,1562 501,1564 538,1565 575,1567 612,1567 649,1568 686,1568 723,1568 760,1568 797,1567 834,1567 871,1567 908,1567 945,1567 982,1568 1019,1570 1056,1571 1094,1574 1094,1540 1056,1537 1019,1536 982,1534 945,1533 908,1533 871,1533 834,1533 797,1533 760,1534 723,1534 686,1534 649,1534 612,1533 575,1533 538,1531 501,1530 464,1528 427,1525 390,1522 353,1518"/>
                <Baseline points="353,1541 390,1545 427,1548 464,1551 501,1553 538,1554 575,1556 612,1556 649,1557 686,1557 723,1557 760,1557 797,1556 834,1556 871,1556 908,1556 945,1556 982,1557 1019,1559 1056,1560 1094,1563"/>
                <TextEquiv>
                    <Unicode>Rebus per servum alicuius perlusis impi</Unicode>
                </TextEquiv>
            </TextLine>
            <TextLine id="r3l42" custom="readingOrder {index:20;}">
                <Coords points="389,1607 424,1609 460,1612 496,1612 532,1613 567,1615 603,1615 639,1615 675,1616 710,1616 746,1616 782,1616 818,1616 853,1616 889,1616 925,1616 961,1617 996,1618 1032,1619 1068,1621 1104,1622 1104,1588 1068,1587 1032,1585 996,1584 961,1583 925,1582 889,1582 853,1582 818,1582 782,1582 746,1582 710,1582 675,1582 639,1581 603,1581 567,1581 532,1579 496,1578 460,1578 424,1575 389,1573"/>
                <Baseline points="389,1596 424,1598 460,1601 496,1601 532,1602 567,1604 603,1604 639,1604 675,1605 710,1605 746,1605 782,1605 818,1605 853,1605 889,1605 925,1605 961,1606 996,1607 1032,1608 1068,1610 1104,1611"/>
                <TextEquiv>
                    <Unicode>gneratis aut quovis modo alienatis. fo.</Unicode>
                </TextEquiv>
            </TextLine>
            <TextLine id="r3l45" custom="readingOrder {index:21;}">
                <Coords points="356,1649 391,1654 427,1657 463,1659 499,1661 535,1662 571,1663 606,1664 642,1664 678,1664 714,1664 750,1664 786,1664 822,1664 857,1664 893,1664 929,1666 965,1666 1001,1668 1037,1670 1073,1673 1073,1639 1037,1636 1001,1634 965,1632 929,1632 893,1630 857,1630 822,1630 786,1630 750,1630 714,1630 678,1630 642,1630 606,1630 571,1629 535,1628 499,1627 463,1625 427,1623 391,1620 356,1615"/>
                <Baseline points="356,1638 391,1643 427,1646 463,1648 499,1650 535,1651 571,1652 606,1653 642,1653 678,1653 714,1653 750,1653 786,1653 822,1653 857,1653 893,1653 929,1655 965,1655 1001,1657 1037,1659 1073,1662"/>
                <TextEquiv>
                    <Unicode>Repulsa alicuius a testimonio. Cccxxvii</Unicode>
                </TextEquiv>
            </TextLine>
            <TextLine id="r3l46" custom="readingOrder {index:22;}">
                <Coords points="396,1705 424,1707 452,1707 480,1708 509,1710 537,1710 565,1711 594,1710 594,1679 565,1680 537,1679 509,1679 480,1677 452,1676 424,1676 396,1674"/>
                <Baseline points="396,1695 424,1697 452,1697 480,1698 509,1700 537,1700 565,1701 594,1700"/>
                <TextEquiv>
                    <Unicode>folio. ccxxx</Unicode>
                </TextEquiv>
            </TextLine>
            <TextLine id="r3l48" custom="readingOrder {index:23;}">
                <Coords points="353,1744 390,1748 427,1750 465,1753 502,1756 540,1758 577,1758 614,1759 652,1759 689,1761 727,1761 764,1761 801,1761 839,1761 876,1761 914,1761 951,1761 988,1762 1026,1763 1063,1764 1101,1765 1101,1734 1063,1733 1026,1732 988,1731 951,1730 914,1730 876,1730 839,1730 801,1730 764,1730 727,1730 689,1730 652,1728 614,1728 577,1727 540,1727 502,1725 465,1722 427,1719 390,1717 353,1713"/>
                <Baseline points="353,1734 390,1738 427,1740 465,1743 502,1746 540,1748 577,1748 614,1749 652,1749 689,1751 727,1751 764,1751 801,1751 839,1751 876,1751 914,1751 951,1751 988,1752 1026,1753 1063,1754 1101,1755"/>
                <TextEquiv>
                    <Unicode>Recompensa et emenda universali cuiuslibet</Unicode>
                </TextEquiv>
            </TextLine>
            <TextLine id="r3l51" custom="readingOrder {index:24;}">
                <Coords points="393,1798 427,1801 461,1803 495,1805 529,1807 563,1807 597,1808 631,1808 665,1808 699,1808 733,1808 767,1807 801,1807 835,1807 869,1807 903,1807 937,1808 971,1809 1005,1810 1039,1813 1074,1814 1074,1781 1039,1780 1005,1777 971,1776 937,1775 903,1774 869,1774 835,1774 801,1774 767,1774 733,1775 699,1775 665,1775 631,1775 597,1775 563,1774 529,1774 495,1772 461,1770 427,1768 393,1765"/>
                <Baseline points="393,1787 427,1790 461,1792 495,1794 529,1796 563,1796 597,1797 631,1797 665,1797 699,1797 733,1797 767,1796 801,1796 835,1796 869,1796 903,1796 937,1797 971,1798 1005,1799 1039,1802 1074,1803"/>
                <TextEquiv>
                    <Unicode>status ordinis et conditionis. fo. ccxxxii</Unicode>
                </TextEquiv>
            </TextLine>
            <TextLine id="r3l52" custom="readingOrder {index:25;}">
                <Coords points="356,1842 392,1844 429,1847 466,1848 503,1850 539,1851 576,1852 613,1852 650,1852 686,1852 723,1854 760,1854 797,1854 833,1854 870,1854 907,1854 944,1854 980,1855 1017,1856 1054,1857 1091,1858 1091,1827 1054,1826 1017,1825 980,1824 944,1823 907,1823 870,1823 833,1823 797,1823 760,1823 723,1823 686,1821 650,1821 613,1821 576,1821 539,1820 503,1819 466,1817 429,1816 392,1813 356,1811"/>
                <Baseline points="356,1832 392,1834 429,1837 466,1838 503,1840 539,1841 576,1842 613,1842 650,1842 686,1842 723,1844 760,1844 797,1844 833,1844 870,1844 907,1844 944,1844 980,1845 1017,1846 1054,1847 1091,1848"/>
                <TextEquiv>
                    <Unicode>Recompensatione omnium animalium do-</Unicode>
                </TextEquiv>
            </TextLine>
            <TextLine id="r3l54" custom="readingOrder {index:26;}">
                <Coords points="383,1891 408,1894 434,1896 460,1897 486,1899 512,1899 538,1899 564,1897 589,1897 615,1897 641,1896 667,1896 693,1896 719,1897 745,1900 771,1902 771,1871 745,1869 719,1866 693,1865 667,1865 641,1865 615,1866 589,1866 564,1866 538,1868 512,1868 486,1868 460,1866 434,1865 408,1863 383,1860"/>
                <Baseline points="383,1881 408,1884 434,1886 460,1887 486,1889 512,1889 538,1889 564,1887 589,1887 615,1887 641,1886 667,1886 693,1886 719,1887 745,1890 771,1892"/>
                <TextEquiv>
                    <Unicode>mesticorum. fo. ccxxxii</Unicode>
                </TextEquiv>
            </TextLine>
            <TextLine id="r3l56" custom="readingOrder {index:27;}">
                <Coords points="359,1942 396,1943 433,1944 470,1944 507,1944 544,1945 581,1945 618,1945 655,1945 692,1945 729,1945 766,1945 803,1945 840,1947 877,1947 914,1947 951,1948 988,1948 1025,1949 1062,1951 1100,1951 1100,1920 1062,1920 1025,1918 988,1917 951,1917 914,1916 877,1916 840,1916 803,1914 766,1914 729,1914 692,1914 655,1914 618,1914 581,1914 544,1914 507,1913 470,1913 433,1913 396,1912 359,1911"/>
                <Baseline points="359,1932 396,1933 433,1934 470,1934 507,1934 544,1935 581,1935 618,1935 655,1935 692,1935 729,1935 766,1935 803,1935 840,1937 877,1937 914,1937 951,1938 988,1938 1025,1939 1062,1941 1100,1941"/>
                <TextEquiv>
                    <Unicode>Reprobata sententia ubi debeat terminari</Unicode>
                </TextEquiv>
            </TextLine>
            <TextLine id="r3l59" custom="readingOrder {index:28;}">
                <Coords points="386,1994 411,1995 436,1996 461,1996 487,1996 512,1994 537,1994 562,1993 588,1993 613,1993 638,1994 663,1995 689,1997 689,1963 663,1961 638,1960 613,1959 588,1959 562,1959 537,1960 512,1960 487,1962 461,1962 436,1962 411,1961 386,1960"/>
                <Baseline points="386,1983 411,1984 436,1985 461,1985 487,1985 512,1983 537,1983 562,1982 588,1982 613,1982 638,1983 663,1984 689,1986"/>
                <TextEquiv>
                    <Unicode>et quando. fo. cclix</Unicode>
                </TextEquiv>
            </TextLine>
            <TextEquiv>
                <Unicode>Relicta que et qualia armia bellica dare te-&#13;
netur propinquioribus meriti sui. folio&#13;
Reo excipiente se ab instantia CC.iiii&#13;
actoris. fo. ccxiii&#13;
Reo per non diligentiam in causa succum&#13;
bente. 'o.cc.xiiij.&#13;
Reprobatione sententie per Saxonem. fo. cc.xvi.&#13;
Recompensa singulorum membrorum mu-&#13;
tilatorum. fo. ccxvii&#13;
Recompensa membrorum fo. ccvviii&#13;
Rebus in flumine per aliquem repertis. fo&#13;
Redditibus quando aliquid eorum Cccxx&#13;
sit deservitus tam in decimis quam negotio&#13;
tutorie seu feudi et de homine censuali. fo.&#13;
CC.xxiij&#13;
De Rebus impigneratis et de unius in alterius&#13;
possessionem transeuntibus. fo. ccxxiiii.&#13;
Rebus per venditorem et dantem iterum&#13;
repetendis. fo. ccxxvii.&#13;
Rebus per servum alicuius perlusis impi&#13;
gneratis aut quovis modo alienatis. fo.&#13;
Repulsa alicuius a testimonio. Cccxxvii&#13;
folio. ccxxx&#13;
Recompensa et emenda universali cuiuslibet&#13;
status ordinis et conditionis. fo. ccxxxii&#13;
Recompensatione omnium animalium do-&#13;
mesticorum. fo. ccxxxii&#13;
Reprobata sententia ubi debeat terminari&#13;
et quando. fo. cclix</Unicode>
            </TextEquiv>
        </TextRegion>
        <TextRegion orientation="0.0" id="TextRegion_1636632137031_247" custom="readingOrder {index:2;} structure {type:[heading];}">
            <Coords points="338,1998 1141,1998 1141,2069 338,2069"/>
            <TextLine id="r3l61" custom="readingOrder {index:0;}">
                <Coords points="540,2078 565,2077 590,2077 615,2077 640,2075 666,2074 691,2073 716,2071 741,2069 767,2068 767,2034 741,2035 716,2037 691,2039 666,2040 640,2041 615,2043 590,2043 565,2043 540,2044"/>
                <Baseline points="540,2067 565,2066 590,2066 615,2066 640,2064 666,2063 691,2062 716,2060 741,2058 767,2057"/>
                <TextEquiv>
                    <Unicode>De S</Unicode>
                </TextEquiv>
            </TextLine>
            <TextEquiv>
                <Unicode>De S</Unicode>
            </TextEquiv>
        </TextRegion>
        <TextRegion orientation="0.0" type="paragraph" id="TextRegion_1636632137031_246" custom="readingOrder {index:3;} structure {type:paragraph;}">
            <Coords points="338,2069 1141,2069 1141,3217 338,3217"/>
            <TextLine id="r3l63" custom="readingOrder {index:0;}">
                <Coords points="353,2129 389,2131 426,2134 462,2134 499,2135 536,2137 572,2137 609,2138 646,2138 682,2138 719,2138 756,2138 792,2138 829,2138 866,2138 902,2138 939,2138 976,2138 1012,2138 1049,2138 1086,2140 1086,2106 1049,2104 1012,2104 976,2104 939,2104 902,2104 866,2104 829,2104 792,2104 756,2104 719,2104 682,2104 646,2104 609,2104 572,2103 536,2103 499,2101 462,2100 426,2100 389,2097 353,2095"/>
                <Baseline points="353,2118 389,2120 426,2123 462,2123 499,2124 536,2126 572,2126 609,2127 646,2127 682,2127 719,2127 756,2127 792,2127 829,2127 866,2127 902,2127 939,2127 976,2127 1012,2127 1049,2127 1086,2129"/>
                <TextEquiv>
                    <Unicode>Scabino in iudicio improperato et male tra</Unicode>
                </TextEquiv>
            </TextLine>
            <TextLine id="r3l65" custom="readingOrder {index:1;}">
                <Coords points="389,2180 416,2182 443,2183 471,2185 498,2185 526,2186 553,2186 580,2188 608,2188 635,2190 663,2191 663,2157 635,2156 608,2154 580,2154 553,2152 526,2152 498,2151 471,2151 443,2149 416,2148 389,2146"/>
                <Baseline points="389,2169 416,2171 443,2172 471,2174 498,2174 526,2175 553,2175 580,2177 608,2177 635,2179 663,2180"/>
                <TextEquiv>
                    <Unicode>ctato. fo. C.lxxix</Unicode>
                </TextEquiv>
            </TextLine>
            <TextLine id="r3l67" custom="readingOrder {index:2;}">
                <Coords points="359,2225 395,2228 432,2232 469,2234 506,2236 543,2237 580,2239 617,2239 654,2239 691,2240 728,2240 764,2240 801,2240 838,2240 875,2239 912,2239 949,2239 986,2239 1023,2240 1060,2240 1097,2240 1097,2206 1060,2206 1023,2206 986,2205 949,2205 912,2205 875,2205 838,2206 801,2206 764,2206 728,2206 691,2206 654,2205 617,2205 580,2205 543,2203 506,2202 469,2200 432,2198 395,2194 359,2191"/>
                <Baseline points="359,2214 395,2217 432,2221 469,2223 506,2225 543,2226 580,2228 617,2228 654,2228 691,2229 728,2229 764,2229 801,2229 838,2229 875,2228 912,2228 949,2228 986,2228 1023,2229 1060,2229 1097,2229"/>
                <TextEquiv>
                    <Unicode>Salutatione seu concittatione ad duellum</Unicode>
                </TextEquiv>
            </TextLine>
            <TextLine id="r3l69" custom="readingOrder {index:3;}">
                <Coords points="399,2278 424,2280 450,2281 476,2283 501,2284 527,2285 553,2285 578,2285 604,2285 630,2284 630,2250 604,2251 578,2251 553,2251 527,2251 501,2250 476,2249 450,2247 424,2246 399,2244"/>
                <Baseline points="399,2267 424,2269 450,2270 476,2272 501,2273 527,2274 553,2274 578,2274 604,2274 630,2273"/>
                <TextEquiv>
                    <Unicode>folio. C. lxxxv.</Unicode>
                </TextEquiv>
            </TextLine>
            <TextLine id="r3l71" custom="readingOrder {index:4;}">
                <Coords points="353,2321 388,2324 424,2327 460,2330 496,2332 532,2335 568,2336 604,2336 640,2338 676,2338 712,2338 747,2338 783,2338 819,2338 855,2338 891,2336 927,2336 963,2336 999,2336 1035,2335 1071,2335 1071,2301 1035,2301 999,2302 963,2302 927,2302 891,2302 855,2304 819,2304 783,2304 747,2304 712,2304 676,2304 640,2304 604,2302 568,2302 532,2301 496,2298 460,2296 424,2293 388,2290 353,2287"/>
                <Baseline points="353,2310 388,2313 424,2316 460,2319 496,2321 532,2324 568,2325 604,2325 640,2327 676,2327 712,2327 747,2327 783,2327 819,2327 855,2327 891,2325 927,2325 963,2325 999,2325 1035,2324 1071,2324"/>
                <TextEquiv>
                    <Unicode>Suppellectili que ad mulieres pertineat</Unicode>
                </TextEquiv>
            </TextLine>
            <TextLine id="r3l73" custom="readingOrder {index:5;}">
                <Coords points="387,2376 414,2376 441,2377 468,2379 495,2380 522,2382 549,2383 576,2383 603,2383 630,2382 630,2352 603,2353 576,2353 549,2353 522,2352 495,2350 468,2349 441,2347 414,2346 387,2346"/>
                <Baseline points="387,2366 414,2366 441,2367 468,2369 495,2370 522,2372 549,2373 576,2373 603,2373 630,2372"/>
                <TextEquiv>
                    <Unicode>folio. clxxxvii.</Unicode>
                </TextEquiv>
            </TextLine>
            <TextLine id="r3l75" custom="readingOrder {index:6;}">
                <Coords points="356,2415 389,2418 422,2421 456,2424 489,2427 523,2428 556,2430 590,2431 623,2431 657,2433 690,2433 723,2433 757,2433 790,2433 824,2433 857,2433 891,2433 924,2433 958,2433 991,2433 1025,2434 1025,2404 991,2403 958,2403 924,2403 891,2403 857,2403 824,2403 790,2403 757,2403 723,2403 690,2403 657,2403 623,2401 590,2401 556,2400 523,2398 489,2397 456,2394 422,2391 389,2388 356,2385"/>
                <Baseline points="356,2405 389,2408 422,2411 456,2414 489,2417 523,2418 556,2420 590,2421 623,2421 657,2423 690,2423 723,2423 757,2423 790,2423 824,2423 857,2423 891,2423 924,2423 958,2423 991,2423 1025,2424"/>
                <TextEquiv>
                    <Unicode>Sententia et interlocutione. fo. clxxxviii</Unicode>
                </TextEquiv>
            </TextLine>
            <TextLine id="r3l78" custom="readingOrder {index:7;}">
                <Coords points="350,2465 387,2469 424,2472 461,2474 498,2477 535,2479 572,2480 609,2480 646,2482 683,2482 720,2482 757,2482 794,2483 831,2483 868,2483 905,2483 942,2483 979,2483 1016,2485 1053,2485 1091,2486 1091,2453 1053,2452 1016,2452 979,2450 942,2450 905,2450 868,2450 831,2450 794,2450 757,2449 720,2449 683,2449 646,2449 609,2447 572,2447 535,2446 498,2444 461,2441 424,2439 387,2436 350,2432"/>
                <Baseline points="350,2454 387,2458 424,2461 461,2463 498,2466 535,2468 572,2469 609,2469 646,2471 683,2471 720,2471 757,2471 794,2472 831,2472 868,2472 905,2472 942,2472 979,2472 1016,2474 1053,2474 1091,2475"/>
                <TextEquiv>
                    <Unicode>Servo bona domini sui perludente seu alie-</Unicode>
                </TextEquiv>
            </TextLine>
            <TextLine id="r3l79" custom="readingOrder {index:8;}">
                <Coords points="387,2515 413,2519 440,2521 467,2523 493,2525 520,2527 547,2527 574,2528 600,2528 627,2528 654,2528 681,2527 681,2494 654,2495 627,2495 600,2495 574,2495 547,2494 520,2494 493,2492 467,2490 440,2488 413,2486 387,2482"/>
                <Baseline points="387,2504 413,2508 440,2510 467,2512 493,2514 520,2516 547,2516 574,2517 600,2517 627,2517 654,2517 681,2516"/>
                <TextEquiv>
                    <Unicode>nante. fo. clxxxix</Unicode>
                </TextEquiv>
            </TextLine>
            <TextLine id="r3l82" custom="readingOrder {index:9;}">
                <Coords points="353,2558 390,2563 427,2567 464,2570 501,2573 539,2573 576,2575 613,2576 650,2576 687,2576 725,2576 762,2576 799,2576 836,2575 873,2576 911,2576 948,2577 985,2578 1022,2580 1059,2583 1097,2585 1097,2551 1059,2549 1022,2546 985,2544 948,2543 911,2542 873,2542 836,2541 799,2542 762,2542 725,2542 687,2542 650,2542 613,2542 576,2541 539,2539 501,2539 464,2536 427,2533 390,2529 353,2524"/>
                <Baseline points="353,2547 390,2552 427,2556 464,2559 501,2562 539,2562 576,2564 613,2565 650,2565 687,2565 725,2565 762,2565 799,2565 836,2564 873,2565 911,2565 948,2566 985,2567 1022,2569 1059,2572 1097,2574"/>
                <TextEquiv>
                    <Unicode>De Salario deservito per dominum servo suo</Unicode>
                </TextEquiv>
            </TextLine>
            <TextLine id="r3l83" custom="readingOrder {index:10;}">
                <Coords points="354,2608 381,2613 408,2615 435,2619 462,2620 489,2622 516,2623 543,2624 570,2624 597,2624 625,2624 652,2623 679,2623 706,2623 733,2623 760,2623 787,2623 814,2623 841,2624 868,2625 896,2627 896,2594 868,2592 841,2591 814,2590 787,2590 760,2590 733,2590 706,2590 679,2590 652,2590 625,2591 597,2591 570,2591 543,2591 516,2590 489,2589 462,2587 435,2586 408,2582 381,2580 354,2575"/>
                <Baseline points="354,2597 381,2602 408,2604 435,2608 462,2609 489,2611 516,2612 543,2613 570,2613 597,2613 625,2613 652,2612 679,2612 706,2612 733,2612 760,2612 787,2612 814,2612 841,2613 868,2614 896,2616"/>
                <TextEquiv>
                    <Unicode>eodem die solvendo fo. clxxxix</Unicode>
                </TextEquiv>
            </TextLine>
            <TextLine id="r3l85" custom="readingOrder {index:11;}">
                <Coords points="356,2653 381,2658 407,2662 433,2665 458,2668 484,2670 510,2671 536,2672 561,2672 587,2672 613,2672 639,2672 664,2672 690,2671 716,2671 742,2671 767,2671 793,2671 819,2672 845,2674 845,2641 819,2639 793,2638 767,2638 742,2638 716,2638 690,2638 664,2639 639,2639 613,2639 587,2639 561,2639 536,2639 510,2638 484,2637 458,2635 433,2632 407,2629 381,2625 356,2620"/>
                <Baseline points="356,2642 381,2647 407,2651 433,2654 458,2657 484,2659 510,2660 536,2661 561,2661 587,2661 613,2661 639,2661 664,2661 690,2660 716,2660 742,2660 767,2660 793,2660 819,2661 845,2663"/>
                <TextEquiv>
                    <Unicode>Satisdatione facienda. fo. cxc</Unicode>
                </TextEquiv>
            </TextLine>
            <TextLine id="r3l87" custom="readingOrder {index:12;}">
                <Coords points="357,2702 393,2708 429,2713 466,2717 502,2719 539,2722 575,2723 612,2723 648,2723 685,2723 721,2723 757,2722 794,2722 830,2722 867,2720 903,2720 940,2720 976,2722 1013,2723 1049,2725 1086,2726 1086,2692 1049,2691 1013,2689 976,2688 940,2686 903,2686 867,2686 830,2688 794,2688 757,2688 721,2689 685,2689 648,2689 612,2689 575,2689 539,2688 502,2685 466,2683 429,2679 393,2674 357,2668"/>
                <Baseline points="357,2691 393,2697 429,2702 466,2706 502,2708 539,2711 575,2712 612,2712 648,2712 685,2712 721,2712 757,2711 794,2711 830,2711 867,2709 903,2709 940,2709 976,2711 1013,2712 1049,2714 1086,2715"/>
                <TextEquiv>
                    <Unicode>Successione duplicium puerorum alicuius</Unicode>
                </TextEquiv>
            </TextLine>
            <TextLine id="r3l88" custom="readingOrder {index:13;}">
                <Coords points="387,2755 414,2761 442,2763 470,2766 497,2768 525,2769 553,2770 580,2771 608,2773 636,2774 636,2741 608,2740 580,2738 553,2737 525,2736 497,2735 470,2733 442,2730 414,2728 387,2722"/>
                <Baseline points="387,2744 414,2750 442,2752 470,2755 497,2757 525,2758 553,2759 580,2760 608,2762 636,2763"/>
                <TextEquiv>
                    <Unicode>viri. folio. cxci</Unicode>
                </TextEquiv>
            </TextLine>
            <TextLine id="r3l90" custom="readingOrder {index:14;}">
                <Coords points="338,2795 375,2802 413,2807 450,2811 488,2814 525,2817 563,2819 600,2821 638,2821 675,2822 713,2822 750,2822 788,2822 825,2821 863,2821 900,2821 938,2821 975,2819 1013,2821 1050,2821 1088,2822 1088,2788 1050,2787 1013,2787 975,2785 938,2787 900,2787 863,2787 825,2787 788,2788 750,2788 713,2788 675,2788 638,2787 600,2787 563,2785 525,2783 488,2780 450,2777 413,2773 375,2768 338,2761"/>
                <Baseline points="338,2784 375,2791 413,2796 450,2800 488,2803 525,2806 563,2808 600,2810 638,2810 675,2811 713,2811 750,2811 788,2811 825,2810 863,2810 900,2810 938,2810 975,2808 1013,2810 1050,2810 1088,2811"/>
                <TextEquiv>
                    <Unicode>Scabini vituperatione et dilatione sententie</Unicode>
                </TextEquiv>
            </TextLine>
            <TextLine id="r3l92" custom="readingOrder {index:15;}">
                <Coords points="390,2855 418,2858 446,2861 475,2864 503,2867 531,2869 560,2870 560,2837 531,2836 503,2834 475,2831 446,2828 418,2825 390,2822"/>
                <Baseline points="390,2844 418,2847 446,2850 475,2853 503,2856 531,2858 560,2859"/>
                <TextEquiv>
                    <Unicode>folio. cxci</Unicode>
                </TextEquiv>
            </TextLine>
            <TextLine id="r3l94" custom="readingOrder {index:16;}">
                <Coords points="351,2893 379,2899 408,2904 436,2909 465,2912 494,2914 522,2916 551,2917 580,2918 608,2918 637,2918 666,2917 694,2917 723,2917 752,2916 780,2915 809,2915 838,2917 866,2917 895,2918 924,2920 924,2887 895,2885 866,2884 838,2884 809,2882 780,2882 752,2883 723,2884 694,2884 666,2884 637,2885 608,2885 580,2885 551,2884 522,2883 494,2881 465,2879 436,2876 408,2871 379,2866 351,2860"/>
                <Baseline points="351,2882 379,2888 408,2893 436,2898 465,2901 494,2903 522,2905 551,2906 580,2907 608,2907 637,2907 666,2906 694,2906 723,2906 752,2905 780,2904 809,2904 838,2906 866,2906 895,2907 924,2909"/>
                <TextEquiv>
                    <Unicode>Spoliatore concivium. fo. cxciii</Unicode>
                </TextEquiv>
            </TextLine>
            <TextLine id="r3l96" custom="readingOrder {index:17;}">
                <Coords points="353,2945 389,2950 426,2954 462,2958 499,2960 536,2963 572,2965 609,2966 645,2966 682,2966 719,2968 755,2966 792,2966 828,2966 865,2966 902,2966 938,2966 975,2966 1011,2967 1048,2968 1085,2969 1085,2936 1048,2935 1011,2934 975,2933 938,2933 902,2933 865,2933 828,2933 792,2933 755,2933 719,2935 682,2933 645,2933 609,2933 572,2932 536,2930 499,2927 462,2925 426,2921 389,2917 353,2912"/>
                <Baseline points="353,2934 389,2939 426,2943 462,2947 499,2949 536,2952 572,2954 609,2955 645,2955 682,2955 719,2957 755,2955 792,2955 828,2955 865,2955 902,2955 938,2955 975,2955 1011,2956 1048,2957 1085,2958"/>
                <TextEquiv>
                    <Unicode>Sinodo spiritualiter in anno celebranda. et</Unicode>
                </TextEquiv>
            </TextLine>
            <TextLine id="r3l99" custom="readingOrder {index:18;}">
                <Coords points="386,2999 419,3002 452,3007 485,3010 518,3011 551,3013 584,3014 617,3014 650,3014 683,3014 716,3014 749,3014 782,3014 815,3013 848,3013 881,3013 914,3014 947,3015 980,3017 1013,3019 1046,3022 1046,2989 1013,2986 980,2984 947,2982 914,2981 881,2980 848,2980 815,2980 782,2981 749,2981 716,2981 683,2981 650,2981 617,2981 584,2981 551,2980 518,2978 485,2977 452,2974 419,2969 386,2966"/>
                <Baseline points="386,2988 419,2991 452,2996 485,2999 518,3000 551,3002 584,3003 617,3003 650,3003 683,3003 716,3003 749,3003 782,3003 815,3002 848,3002 881,3002 914,3003 947,3004 980,3006 1013,3008 1046,3011"/>
                <TextEquiv>
                    <Unicode>de his qui eidem debent interesse. fo. cxcviii.</Unicode>
                </TextEquiv>
            </TextLine>
            <TextLine id="r3l101" custom="readingOrder {index:19;}">
                <Coords points="353,3038 389,3044 426,3050 462,3054 499,3058 536,3060 572,3062 609,3064 645,3065 682,3066 719,3067 755,3067 792,3067 828,3067 865,3067 902,3067 938,3067 975,3067 1011,3067 1048,3068 1085,3070 1085,3037 1048,3035 1011,3034 975,3034 938,3034 902,3034 865,3034 828,3034 792,3034 755,3034 719,3034 682,3033 645,3032 609,3031 572,3029 536,3027 499,3025 462,3021 426,3017 389,3011 353,3005"/>
                <Baseline points="353,3027 389,3033 426,3039 462,3043 499,3047 536,3049 572,3051 609,3053 645,3054 682,3055 719,3056 755,3056 792,3056 828,3056 865,3056 902,3056 938,3056 975,3056 1011,3056 1048,3057 1085,3059"/>
                <TextEquiv>
                    <Unicode>Septem etatibus mundi. et septem scutis</Unicode>
                </TextEquiv>
            </TextLine>
            <TextLine id="r3l103" custom="readingOrder {index:20;}">
                <Coords points="393,3091 418,3096 443,3100 468,3104 494,3106 519,3107 544,3109 569,3110 595,3110 620,3112 645,3112 670,3113 696,3115 696,3082 670,3080 645,3079 620,3079 595,3077 569,3077 544,3076 519,3074 494,3073 468,3071 443,3067 418,3063 393,3058"/>
                <Baseline points="393,3080 418,3085 443,3089 468,3093 494,3095 519,3096 544,3098 569,3099 595,3099 620,3101 645,3101 670,3102 696,3104"/>
                <TextEquiv>
                    <Unicode>bellicis. fo. cxcviii</Unicode>
                </TextEquiv>
            </TextLine>
            <TextLine id="r3l105" custom="readingOrder {index:21;}">
                <Coords points="338,3128 377,3135 417,3143 457,3148 497,3153 537,3157 577,3159 617,3161 657,3163 697,3163 737,3164 777,3164 817,3163 857,3163 897,3163 937,3163 977,3164 1017,3164 1057,3166 1097,3167 1097,3134 1057,3133 1017,3131 977,3131 937,3130 897,3130 857,3130 817,3130 777,3131 737,3131 697,3130 657,3130 617,3128 577,3126 537,3124 497,3120 457,3115 417,3110 377,3102 338,3095"/>
                <Baseline points="338,3117 377,3124 417,3132 457,3137 497,3142 537,3146 577,3148 617,3150 657,3152 697,3152 737,3153 777,3153 817,3152 857,3152 897,3152 937,3152 977,3153 1017,3153 1057,3155 1097,3156"/>
                <TextEquiv>
                    <Unicode>Successione filiorum legittimorum in bonis</Unicode>
                </TextEquiv>
            </TextLine>
            <TextLine id="r3l106" custom="readingOrder {index:22;}">
                <Coords points="393,3193 420,3195 447,3199 475,3202 502,3205 529,3208 557,3210 584,3212 611,3214 639,3217 639,3183 611,3180 584,3178 557,3176 529,3174 502,3171 475,3168 447,3165 420,3161 393,3159"/>
                <Baseline points="393,3182 420,3184 447,3188 475,3191 502,3194 529,3197 557,3199 584,3201 611,3203 639,3206"/>
                <TextEquiv>
                    <Unicode>avi sui fo. cxcix</Unicode>
                </TextEquiv>
            </TextLine>
            <TextEquiv>
                <Unicode>Scabino in iudicio improperato et male tra&#13;
ctato. fo. C.lxxix&#13;
Salutatione seu concittatione ad duellum&#13;
folio. C. lxxxv.&#13;
Suppellectili que ad mulieres pertineat&#13;
folio. clxxxvii.&#13;
Sententia et interlocutione. fo. clxxxviii&#13;
Servo bona domini sui perludente seu alie-&#13;
nante. fo. clxxxix&#13;
De Salario deservito per dominum servo suo&#13;
eodem die solvendo fo. clxxxix&#13;
Satisdatione facienda. fo. cxc&#13;
Successione duplicium puerorum alicuius&#13;
viri. folio. cxci&#13;
Scabini vituperatione et dilatione sententie&#13;
folio. cxci&#13;
Spoliatore concivium. fo. cxciii&#13;
Sinodo spiritualiter in anno celebranda. et&#13;
de his qui eidem debent interesse. fo. cxcviii.&#13;
Septem etatibus mundi. et septem scutis&#13;
bellicis. fo. cxcviii&#13;
Successione filiorum legittimorum in bonis&#13;
avi sui fo. cxcix</Unicode>
            </TextEquiv>
        </TextRegion>
        <TextRegion orientation="0.0" type="paragraph" id="TextRegion_1636632144327_254" custom="readingOrder {index:4;} structure {type:paragraph;}">
            <Coords points="1141,562 2001,562 2001,2634 1141,2634"/>
            <TextLine id="r3l3" custom="readingOrder {index:0;}">
                <Coords points="1239,655 1276,655 1314,655 1351,656 1389,656 1427,656 1464,656 1502,656 1540,656 1577,656 1615,656 1653,658 1690,658 1728,658 1766,658 1803,658 1841,658 1879,658 1916,658 1954,658 1992,659 1992,626 1954,625 1916,625 1879,625 1841,625 1803,625 1766,625 1728,625 1690,625 1653,625 1615,623 1577,623 1540,623 1502,623 1464,623 1427,623 1389,623 1351,623 1314,622 1276,622 1239,622"/>
                <Baseline points="1239,644 1276,644 1314,644 1351,645 1389,645 1427,645 1464,645 1502,645 1540,645 1577,645 1615,645 1653,647 1690,647 1728,647 1766,647 1803,647 1841,647 1879,647 1916,647 1954,647 1992,648"/>
                <TextEquiv>
                    <Unicode>Sacerdote et clerico duplicem in successione</Unicode>
                </TextEquiv>
            </TextLine>
            <TextLine id="r3l5" custom="readingOrder {index:1;}">
                <Coords points="1283,701 1318,703 1353,703 1389,704 1424,704 1460,704 1495,706 1531,706 1566,706 1602,706 1637,706 1672,706 1708,706 1743,706 1779,706 1814,706 1850,706 1885,706 1921,706 1956,706 1992,706 1992,673 1956,673 1921,673 1885,673 1850,673 1814,673 1779,673 1743,673 1708,673 1672,673 1637,673 1602,673 1566,673 1531,673 1495,673 1460,671 1424,671 1389,671 1353,670 1318,670 1283,668"/>
                <Baseline points="1283,690 1318,692 1353,692 1389,693 1424,693 1460,693 1495,695 1531,695 1566,695 1602,695 1637,695 1672,695 1708,695 1743,695 1779,695 1814,695 1850,695 1885,695 1921,695 1956,695 1992,695"/>
                <TextEquiv>
                    <Unicode>divisionem percipiente scilicet Suppel-</Unicode>
                </TextEquiv>
            </TextLine>
            <TextLine id="r3l7" custom="readingOrder {index:2;}">
                <Coords points="1290,748 1326,749 1363,751 1400,751 1437,752 1473,752 1510,752 1547,754 1584,754 1621,754 1657,754 1694,754 1731,754 1768,754 1805,754 1841,754 1878,754 1915,754 1952,755 1989,755 1989,722 1952,722 1915,721 1878,721 1841,721 1805,721 1768,721 1731,721 1694,721 1657,721 1621,721 1584,721 1547,721 1510,719 1473,719 1437,719 1400,718 1363,718 1326,716 1290,715"/>
                <Baseline points="1290,737 1326,738 1363,740 1400,740 1437,741 1473,741 1510,741 1547,743 1584,743 1621,743 1657,743 1694,743 1731,743 1768,743 1805,743 1841,743 1878,743 1915,743 1952,744 1989,744"/>
                <TextEquiv>
                    <Unicode>lectilem cum sorore. et hereditatem cum</Unicode>
                </TextEquiv>
            </TextLine>
            <TextLine id="r3l9" custom="readingOrder {index:3;}">
                <Coords points="1286,797 1311,796 1337,796 1363,796 1389,797 1415,797 1441,798 1467,799 1493,800 1493,767 1467,766 1441,765 1415,764 1389,764 1363,763 1337,763 1311,763 1286,764"/>
                <Baseline points="1286,786 1311,785 1337,785 1363,785 1389,786 1415,786 1441,787 1467,788 1493,789"/>
                <TextEquiv>
                    <Unicode>fratre. fo. cc</Unicode>
                </TextEquiv>
            </TextLine>
            <TextLine id="r3l11" custom="readingOrder {index:4;}">
                <Coords points="1229,841 1267,842 1306,844 1344,844 1383,845 1422,845 1460,845 1499,847 1537,847 1576,847 1615,847 1653,848 1692,848 1730,848 1769,848 1808,850 1846,850 1885,850 1923,851 1962,851 2001,853 2001,820 1962,818 1923,818 1885,817 1846,817 1808,817 1769,815 1730,815 1692,815 1653,815 1615,814 1576,814 1537,814 1499,814 1460,812 1422,812 1383,812 1344,811 1306,811 1267,809 1229,808"/>
                <Baseline points="1229,830 1267,831 1306,833 1344,833 1383,834 1422,834 1460,834 1499,836 1537,836 1576,836 1615,836 1653,837 1692,837 1730,837 1769,837 1808,839 1846,839 1885,839 1923,840 1962,840 2001,842"/>
                <TextEquiv>
                    <Unicode>Sueuo arma bellica ultra septimam consan-</Unicode>
                </TextEquiv>
            </TextLine>
            <TextLine id="r3l13" custom="readingOrder {index:5;}">
                <Coords points="1287,893 1319,893 1351,893 1383,893 1416,893 1448,893 1480,893 1512,893 1545,893 1577,895 1609,895 1641,895 1674,895 1706,896 1738,896 1770,896 1803,898 1835,898 1867,898 1899,899 1932,899 1932,866 1899,866 1867,865 1835,865 1803,865 1770,863 1738,863 1706,863 1674,862 1641,862 1609,862 1577,862 1545,860 1512,860 1480,860 1448,860 1416,860 1383,860 1351,860 1319,860 1287,860"/>
                <Baseline points="1287,882 1319,882 1351,882 1383,882 1416,882 1448,882 1480,882 1512,882 1545,882 1577,884 1609,884 1641,884 1674,884 1706,885 1738,885 1770,885 1803,887 1835,887 1867,887 1899,888 1932,888"/>
                <TextEquiv>
                    <Unicode>guineitatis lineam recipiente. fo. cciii</Unicode>
                </TextEquiv>
            </TextLine>
            <TextLine id="r3l15" custom="readingOrder {index:6;}">
                <Coords points="1238,938 1275,938 1313,940 1351,940 1389,941 1427,941 1465,941 1502,941 1540,943 1578,943 1616,943 1654,943 1692,943 1730,943 1767,944 1805,944 1843,946 1881,946 1919,947 1957,949 1995,950 1995,917 1957,916 1919,914 1881,913 1843,913 1805,911 1767,911 1730,910 1692,910 1654,910 1616,910 1578,910 1540,910 1502,908 1465,908 1427,908 1389,908 1351,907 1313,907 1275,905 1238,905"/>
                <Baseline points="1238,927 1275,927 1313,929 1351,929 1389,930 1427,930 1465,930 1502,930 1540,932 1578,932 1616,932 1654,932 1692,932 1730,932 1767,933 1805,933 1843,935 1881,935 1919,936 1957,938 1995,939"/>
                <TextEquiv>
                    <Unicode>Salutato ad duellum a vulnerato. fo. ccviii.</Unicode>
                </TextEquiv>
            </TextLine>
            <TextLine id="r3l17" custom="readingOrder {index:7;}">
                <Coords points="1257,988 1294,989 1331,989 1368,989 1405,989 1443,989 1480,989 1517,990 1554,991 1591,991 1629,991 1666,991 1703,991 1740,992 1777,992 1815,993 1852,994 1889,995 1926,997 1963,998 2001,1000 2001,966 1963,964 1926,963 1889,961 1852,960 1815,959 1777,958 1740,958 1703,957 1666,957 1629,957 1591,957 1554,957 1517,956 1480,955 1443,955 1405,955 1368,955 1331,955 1294,955 1257,954"/>
                <Baseline points="1257,977 1294,978 1331,978 1368,978 1405,978 1443,978 1480,978 1517,979 1554,980 1591,980 1629,980 1666,980 1703,980 1740,981 1777,981 1815,982 1852,983 1889,984 1926,986 1963,987 2001,989"/>
                <TextEquiv>
                    <Unicode>Successione legittimorum et illegittimorum</Unicode>
                </TextEquiv>
            </TextLine>
            <TextLine id="r3l19" custom="readingOrder {index:8;}">
                <Coords points="1290,1036 1325,1037 1360,1037 1395,1037 1431,1037 1466,1037 1501,1037 1536,1037 1572,1037 1607,1037 1642,1037 1677,1038 1713,1039 1748,1039 1783,1040 1818,1040 1854,1042 1889,1043 1924,1045 1959,1046 1995,1049 1995,1015 1959,1012 1924,1011 1889,1009 1854,1008 1818,1006 1783,1006 1748,1005 1713,1005 1677,1004 1642,1003 1607,1003 1572,1003 1536,1003 1501,1003 1466,1003 1431,1003 1395,1003 1360,1003 1325,1003 1290,1002"/>
                <Baseline points="1290,1025 1325,1026 1360,1026 1395,1026 1431,1026 1466,1026 1501,1026 1536,1026 1572,1026 1607,1026 1642,1026 1677,1027 1713,1028 1748,1028 1783,1029 1818,1029 1854,1031 1889,1032 1924,1034 1959,1035 1995,1038"/>
                <TextEquiv>
                    <Unicode>ac etiam probatione ingenuitas. fo. ccix</Unicode>
                </TextEquiv>
            </TextLine>
            <TextLine id="r3l21" custom="readingOrder {index:9;}">
                <Coords points="1232,1082 1269,1082 1306,1084 1343,1084 1381,1085 1418,1085 1455,1085 1492,1085 1530,1085 1567,1085 1604,1085 1641,1086 1679,1087 1716,1087 1753,1088 1790,1090 1828,1091 1865,1094 1902,1096 1939,1098 1977,1102 1977,1068 1939,1064 1902,1062 1865,1060 1828,1057 1790,1056 1753,1054 1716,1053 1679,1053 1641,1052 1604,1051 1567,1051 1530,1051 1492,1051 1455,1051 1418,1051 1381,1051 1343,1050 1306,1050 1269,1048 1232,1048"/>
                <Baseline points="1232,1071 1269,1071 1306,1073 1343,1073 1381,1074 1418,1074 1455,1074 1492,1074 1530,1074 1567,1074 1604,1074 1641,1075 1679,1076 1716,1076 1753,1077 1790,1079 1828,1080 1865,1083 1902,1085 1939,1087 1977,1091"/>
                <TextEquiv>
                    <Unicode>Sententia que prius deffiniri deberet. fo. ccxii</Unicode>
                </TextEquiv>
            </TextLine>
            <TextLine id="r3l23" custom="readingOrder {index:10;}">
                <Coords points="1239,1129 1264,1130 1289,1132 1314,1133 1339,1133 1364,1135 1389,1135 1414,1135 1439,1134 1464,1133 1489,1133 1514,1133 1539,1133 1564,1133 1589,1133 1614,1133 1639,1134 1665,1135 1665,1102 1639,1101 1614,1100 1589,1100 1564,1100 1539,1100 1514,1100 1489,1100 1464,1100 1439,1101 1414,1102 1389,1102 1364,1102 1339,1100 1314,1100 1289,1099 1264,1097 1239,1096"/>
                <Baseline points="1239,1118 1264,1119 1289,1121 1314,1122 1339,1122 1364,1124 1389,1124 1414,1124 1439,1123 1464,1122 1489,1122 1514,1122 1539,1122 1564,1122 1589,1122 1614,1122 1639,1123 1665,1124"/>
                <TextEquiv>
                    <Unicode>Solutione debiti eodem</Unicode>
                </TextEquiv>
            </TextLine>
            <TextLine id="r3l25" custom="readingOrder {index:11;}">
                <Coords points="1241,1180 1271,1180 1301,1180 1332,1180 1362,1181 1393,1181 1423,1181 1454,1181 1484,1181 1515,1181 1545,1181 1575,1181 1606,1181 1636,1181 1667,1181 1697,1183 1728,1184 1758,1184 1789,1186 1819,1189 1850,1190 1850,1157 1819,1156 1789,1153 1758,1151 1728,1151 1697,1150 1667,1148 1636,1148 1606,1148 1575,1148 1545,1148 1515,1148 1484,1148 1454,1148 1423,1148 1393,1148 1362,1148 1332,1147 1301,1147 1271,1147 1241,1147"/>
                <Baseline points="1241,1169 1271,1169 1301,1169 1332,1169 1362,1170 1393,1170 1423,1170 1454,1170 1484,1170 1515,1170 1545,1170 1575,1170 1606,1170 1636,1170 1667,1170 1697,1172 1728,1173 1758,1173 1789,1175 1819,1178 1850,1179"/>
                <TextEquiv>
                    <Unicode>Spretione satisfactionis: fo. ccxiii</Unicode>
                </TextEquiv>
            </TextLine>
            <TextLine id="r3l27" custom="readingOrder {index:12;}">
                <Coords points="1239,1231 1276,1229 1314,1229 1352,1229 1390,1228 1427,1228 1465,1228 1503,1228 1541,1228 1578,1228 1616,1228 1654,1229 1692,1230 1729,1231 1767,1232 1805,1234 1843,1236 1880,1238 1918,1241 1956,1244 1994,1247 1994,1214 1956,1211 1918,1208 1880,1205 1843,1203 1805,1201 1767,1199 1729,1198 1692,1197 1654,1196 1616,1195 1578,1195 1541,1195 1503,1195 1465,1195 1427,1195 1390,1195 1352,1196 1314,1196 1276,1196 1239,1198"/>
                <Baseline points="1239,1220 1276,1218 1314,1218 1352,1218 1390,1217 1427,1217 1465,1217 1503,1217 1541,1217 1578,1217 1616,1217 1654,1218 1692,1219 1729,1220 1767,1221 1805,1223 1843,1225 1880,1227 1918,1230 1956,1233 1994,1236"/>
                <TextEquiv>
                    <Unicode>Spacio temporis infra quod Sententia iusta a rege</Unicode>
                </TextEquiv>
            </TextLine>
            <TextLine id="r3l28" custom="readingOrder {index:13;}">
                <Coords points="1281,1272 1306,1272 1331,1273 1356,1273 1381,1273 1406,1273 1431,1275 1456,1275 1482,1275 1507,1275 1532,1275 1557,1276 1582,1276 1607,1276 1632,1276 1657,1276 1683,1276 1683,1245 1657,1245 1632,1245 1607,1245 1582,1245 1557,1245 1532,1244 1507,1244 1482,1244 1456,1244 1431,1244 1406,1242 1381,1242 1356,1242 1331,1242 1306,1241 1281,1241"/>
                <Baseline points="1281,1262 1306,1262 1331,1263 1356,1263 1381,1263 1406,1263 1431,1265 1456,1265 1482,1265 1507,1265 1532,1265 1557,1266 1582,1266 1607,1266 1632,1266 1657,1266 1683,1266"/>
                <TextEquiv>
                    <Unicode>debet reportari fo. ccxvi</Unicode>
                </TextEquiv>
            </TextLine>
            <TextLine id="r3l31" custom="readingOrder {index:14;}">
                <Coords points="1241,1315 1278,1318 1315,1319 1352,1320 1389,1321 1427,1322 1464,1322 1501,1322 1538,1324 1575,1324 1613,1324 1650,1325 1687,1325 1724,1325 1761,1327 1799,1328 1836,1330 1873,1331 1910,1333 1947,1335 1985,1337 1985,1304 1947,1302 1910,1300 1873,1298 1836,1297 1799,1295 1761,1294 1724,1292 1687,1292 1650,1292 1613,1291 1575,1291 1538,1291 1501,1289 1464,1289 1427,1289 1389,1288 1352,1287 1315,1286 1278,1285 1241,1282"/>
                <Baseline points="1241,1304 1278,1307 1315,1308 1352,1309 1389,1310 1427,1311 1464,1311 1501,1311 1538,1313 1575,1313 1613,1313 1650,1314 1687,1314 1724,1314 1761,1316 1799,1317 1836,1319 1873,1320 1910,1322 1947,1324 1985,1326"/>
                <TextEquiv>
                    <Unicode>Solutione thelonei tam aque quam pontis per di-</Unicode>
                </TextEquiv>
            </TextLine>
            <TextLine id="r3l33" custom="readingOrder {index:15;}">
                <Coords points="1284,1364 1319,1366 1354,1367 1389,1367 1425,1369 1460,1369 1495,1370 1530,1370 1566,1370 1601,1371 1636,1372 1671,1372 1707,1373 1742,1373 1777,1375 1812,1376 1848,1376 1883,1379 1918,1380 1953,1383 1989,1385 1989,1352 1953,1350 1918,1347 1883,1346 1848,1343 1812,1343 1777,1342 1742,1340 1707,1340 1671,1339 1636,1339 1601,1338 1566,1337 1530,1337 1495,1337 1460,1336 1425,1336 1389,1334 1354,1334 1319,1333 1284,1331"/>
                <Baseline points="1284,1353 1319,1355 1354,1356 1389,1356 1425,1358 1460,1358 1495,1359 1530,1359 1566,1359 1601,1360 1636,1361 1671,1361 1707,1362 1742,1362 1777,1364 1812,1365 1848,1365 1883,1368 1918,1369 1953,1372 1989,1374"/>
                <TextEquiv>
                    <Unicode>versos. et qui debent esse liberi et de conductu.</Unicode>
                </TextEquiv>
            </TextLine>
            <TextLine id="r3l34" custom="readingOrder {index:16;}">
                <Coords points="1292,1415 1317,1414 1343,1414 1369,1414 1394,1415 1420,1417 1446,1417 1472,1418 1472,1384 1446,1383 1420,1383 1394,1381 1369,1380 1343,1380 1317,1380 1292,1381"/>
                <Baseline points="1292,1404 1317,1403 1343,1403 1369,1403 1394,1404 1420,1406 1446,1406 1472,1407"/>
                <TextEquiv>
                    <Unicode>folio ccxix</Unicode>
                </TextEquiv>
            </TextLine>
            <TextLine id="r3l37" custom="readingOrder {index:17;}">
                <Coords points="1239,1460 1274,1462 1309,1463 1344,1464 1379,1465 1414,1466 1449,1466 1484,1466 1519,1467 1554,1468 1590,1468 1625,1469 1660,1469 1695,1469 1730,1471 1765,1472 1800,1472 1835,1474 1870,1475 1905,1476 1941,1478 1941,1444 1905,1442 1870,1441 1835,1440 1800,1438 1765,1438 1730,1437 1695,1435 1660,1435 1625,1435 1590,1434 1554,1434 1519,1433 1484,1432 1449,1432 1414,1432 1379,1431 1344,1430 1309,1429 1274,1428 1239,1426"/>
                <Baseline points="1239,1449 1274,1451 1309,1452 1344,1453 1379,1454 1414,1455 1449,1455 1484,1455 1519,1456 1554,1457 1590,1457 1625,1458 1660,1458 1695,1458 1730,1460 1765,1461 1800,1461 1835,1463 1870,1464 1905,1465 1941,1467"/>
                <TextEquiv>
                    <Unicode>Successione post sententiatum fo. ccxx</Unicode>
                </TextEquiv>
            </TextLine>
            <TextLine id="r3l39" custom="readingOrder {index:18;}">
                <Coords points="1226,1508 1264,1510 1302,1511 1341,1513 1379,1514 1418,1516 1456,1516 1495,1517 1533,1517 1572,1519 1610,1519 1648,1520 1687,1520 1725,1522 1764,1522 1802,1523 1841,1525 1879,1526 1918,1528 1956,1529 1995,1531 1995,1497 1956,1495 1918,1494 1879,1492 1841,1491 1802,1489 1764,1488 1725,1488 1687,1486 1648,1486 1610,1485 1572,1485 1533,1483 1495,1483 1456,1482 1418,1482 1379,1480 1341,1479 1302,1477 1264,1476 1226,1474"/>
                <Baseline points="1226,1497 1264,1499 1302,1500 1341,1502 1379,1503 1418,1505 1456,1505 1495,1506 1533,1506 1572,1508 1610,1508 1648,1509 1687,1509 1725,1511 1764,1511 1802,1512 1841,1514 1879,1515 1918,1517 1956,1518 1995,1520"/>
                <TextEquiv>
                    <Unicode>Successone post eum qui consciuit mortem</Unicode>
                </TextEquiv>
            </TextLine>
            <TextLine id="r3l40" custom="readingOrder {index:19;}">
                <Coords points="1290,1564 1315,1562 1340,1562 1365,1563 1390,1564 1415,1565 1440,1567 1466,1568 1466,1534 1440,1533 1415,1531 1390,1530 1365,1529 1340,1528 1315,1528 1290,1530"/>
                <Baseline points="1290,1553 1315,1551 1340,1551 1365,1552 1390,1553 1415,1554 1440,1556 1466,1557"/>
                <TextEquiv>
                    <Unicode>folio. ccxx</Unicode>
                </TextEquiv>
            </TextLine>
            <TextLine id="r3l43" custom="readingOrder {index:20;}">
                <Coords points="1238,1607 1275,1609 1313,1610 1350,1611 1388,1612 1425,1613 1463,1614 1500,1615 1538,1616 1575,1616 1613,1618 1651,1619 1688,1619 1726,1621 1763,1622 1801,1623 1838,1624 1876,1625 1913,1627 1951,1628 1989,1630 1989,1596 1951,1594 1913,1593 1876,1591 1838,1590 1801,1589 1763,1588 1726,1587 1688,1585 1651,1585 1613,1584 1575,1582 1538,1582 1500,1581 1463,1580 1425,1579 1388,1578 1350,1577 1313,1576 1275,1575 1238,1573"/>
                <Baseline points="1238,1596 1275,1598 1313,1599 1350,1600 1388,1601 1425,1602 1463,1603 1500,1604 1538,1605 1575,1605 1613,1607 1651,1608 1688,1608 1726,1610 1763,1611 1801,1612 1838,1613 1876,1614 1913,1616 1951,1617 1989,1619"/>
                <TextEquiv>
                    <Unicode>Subtrahente annonam et de viatore depascente</Unicode>
                </TextEquiv>
            </TextLine>
            <TextLine id="r3l44" custom="readingOrder {index:21;}">
                <Coords points="1262,1660 1287,1659 1313,1659 1339,1659 1364,1659 1390,1659 1416,1659 1441,1660 1467,1660 1493,1662 1518,1663 1544,1666 1570,1667 1596,1671 1596,1641 1570,1637 1544,1636 1518,1633 1493,1632 1467,1630 1441,1630 1416,1629 1390,1629 1364,1629 1339,1629 1313,1629 1287,1629 1262,1630"/>
                <Baseline points="1262,1650 1287,1649 1313,1649 1339,1649 1364,1649 1390,1649 1416,1649 1441,1650 1467,1650 1493,1652 1518,1653 1544,1656 1570,1657 1596,1661"/>
                <TextEquiv>
                    <Unicode>annonam. fo. ccxxi</Unicode>
                </TextEquiv>
            </TextLine>
            <TextLine id="r3l47" custom="readingOrder {index:22;}">
                <Coords points="1233,1701 1259,1702 1285,1704 1311,1704 1337,1705 1363,1706 1389,1707 1415,1707 1441,1708 1467,1708 1493,1708 1519,1710 1545,1710 1571,1710 1597,1711 1623,1712 1649,1713 1675,1714 1701,1716 1728,1717 1728,1687 1701,1686 1675,1684 1649,1683 1623,1682 1597,1681 1571,1680 1545,1680 1519,1680 1493,1678 1467,1678 1441,1678 1415,1677 1389,1677 1363,1676 1337,1675 1311,1674 1285,1674 1259,1672 1233,1671"/>
                <Baseline points="1233,1691 1259,1692 1285,1694 1311,1694 1337,1695 1363,1696 1389,1697 1415,1697 1441,1698 1467,1698 1493,1698 1519,1700 1545,1700 1571,1700 1597,1701 1623,1702 1649,1703 1675,1704 1701,1706 1728,1707"/>
                <TextEquiv>
                    <Unicode>De Servis et dominis fo. ccxxi</Unicode>
                </TextEquiv>
            </TextLine>
            <TextLine id="r3l49" custom="readingOrder {index:23;}">
                <Coords points="1238,1753 1275,1754 1313,1754 1351,1756 1388,1756 1426,1757 1464,1759 1501,1759 1539,1760 1577,1760 1615,1762 1652,1763 1690,1763 1728,1765 1765,1765 1803,1766 1841,1768 1878,1768 1916,1769 1954,1770 1992,1771 1992,1738 1954,1737 1916,1736 1878,1735 1841,1735 1803,1733 1765,1732 1728,1732 1690,1730 1652,1730 1615,1729 1577,1727 1539,1727 1501,1726 1464,1726 1426,1724 1388,1723 1351,1723 1313,1721 1275,1721 1238,1720"/>
                <Baseline points="1238,1742 1275,1743 1313,1743 1351,1745 1388,1745 1426,1746 1464,1748 1501,1748 1539,1749 1577,1749 1615,1751 1652,1752 1690,1752 1728,1754 1765,1754 1803,1755 1841,1757 1878,1757 1916,1758 1954,1759 1992,1760"/>
                <TextEquiv>
                    <Unicode>Successione in morticinia absque relicta he-</Unicode>
                </TextEquiv>
            </TextLine>
            <TextLine id="r3l50" custom="readingOrder {index:24;}">
                <Coords points="1277,1805 1302,1805 1327,1804 1352,1804 1377,1802 1402,1802 1427,1802 1452,1802 1477,1804 1502,1805 1527,1807 1527,1774 1502,1772 1477,1771 1452,1769 1427,1769 1402,1769 1377,1769 1352,1771 1327,1771 1302,1772 1277,1772"/>
                <Baseline points="1277,1794 1302,1794 1327,1793 1352,1793 1377,1791 1402,1791 1427,1791 1452,1791 1477,1793 1502,1794 1527,1796"/>
                <TextEquiv>
                    <Unicode>rede. fo. ccxxxvii</Unicode>
                </TextEquiv>
            </TextLine>
            <TextLine id="r3l53" custom="readingOrder {index:25;}">
                <Coords points="1233,1849 1270,1850 1308,1850 1346,1850 1384,1852 1422,1852 1460,1852 1498,1853 1536,1853 1574,1853 1612,1855 1649,1855 1687,1855 1725,1856 1763,1856 1801,1858 1839,1859 1877,1861 1915,1862 1953,1863 1991,1865 1991,1832 1953,1830 1915,1829 1877,1828 1839,1826 1801,1825 1763,1823 1725,1823 1687,1822 1649,1822 1612,1822 1574,1820 1536,1820 1498,1820 1460,1819 1422,1819 1384,1819 1346,1817 1308,1817 1270,1817 1233,1816"/>
                <Baseline points="1233,1838 1270,1839 1308,1839 1346,1839 1384,1841 1422,1841 1460,1841 1498,1842 1536,1842 1574,1842 1612,1844 1649,1844 1687,1844 1725,1845 1763,1845 1801,1847 1839,1848 1877,1850 1915,1851 1953,1852 1991,1854"/>
                <TextEquiv>
                    <Unicode>Servo quem dominus suus faciat liberum quale ius</Unicode>
                </TextEquiv>
            </TextLine>
            <TextLine id="r3l55" custom="readingOrder {index:26;}">
                <Coords points="1286,1898 1314,1897 1342,1897 1370,1897 1398,1897 1427,1898 1455,1898 1483,1898 1511,1898 1539,1900 1568,1900 1596,1900 1624,1901 1652,1901 1680,1903 1709,1903 1737,1904 1765,1904 1793,1906 1821,1906 1850,1907 1850,1874 1821,1873 1793,1873 1765,1871 1737,1871 1709,1870 1680,1870 1652,1868 1624,1868 1596,1867 1568,1867 1539,1867 1511,1865 1483,1865 1455,1865 1427,1865 1398,1864 1370,1864 1342,1864 1314,1864 1286,1865"/>
                <Baseline points="1286,1887 1314,1886 1342,1886 1370,1886 1398,1886 1427,1887 1455,1887 1483,1887 1511,1887 1539,1889 1568,1889 1596,1889 1624,1890 1652,1890 1680,1892 1709,1892 1737,1893 1765,1893 1793,1895 1821,1895 1850,1896"/>
                <TextEquiv>
                    <Unicode>obtineat factus liber fo. ccxxivii.</Unicode>
                </TextEquiv>
            </TextLine>
            <TextLine id="r3l57" custom="readingOrder {index:27;}">
                <Coords points="1238,1942 1276,1944 1314,1944 1352,1944 1390,1945 1428,1945 1466,1945 1504,1947 1542,1947 1580,1947 1618,1948 1656,1948 1694,1950 1732,1950 1770,1951 1808,1952 1846,1953 1884,1954 1922,1956 1960,1957 1998,1957 1998,1926 1960,1926 1922,1925 1884,1923 1846,1922 1808,1921 1770,1920 1732,1919 1694,1919 1656,1917 1618,1917 1580,1916 1542,1916 1504,1916 1466,1914 1428,1914 1390,1914 1352,1913 1314,1913 1276,1913 1238,1911"/>
                <Baseline points="1238,1932 1276,1934 1314,1934 1352,1934 1390,1935 1428,1935 1466,1935 1504,1937 1542,1937 1580,1937 1618,1938 1656,1938 1694,1940 1732,1940 1770,1941 1808,1942 1846,1943 1884,1944 1922,1946 1960,1947 1998,1947"/>
                <TextEquiv>
                    <Unicode>Si in campo occissus aut lesus inveniaur</Unicode>
                </TextEquiv>
            </TextLine>
            <TextLine id="r3l58" custom="readingOrder {index:28;}">
                <Coords points="1284,1989 1310,1990 1337,1990 1363,1990 1390,1990 1416,1990 1443,1990 1469,1990 1496,1990 1523,1990 1523,1959 1496,1959 1469,1959 1443,1959 1416,1959 1390,1959 1363,1959 1337,1959 1310,1959 1284,1958"/>
                <Baseline points="1284,1979 1310,1980 1337,1980 1363,1980 1390,1980 1416,1980 1443,1980 1469,1980 1496,1980 1523,1980"/>
                <TextEquiv>
                    <Unicode>folio. ccxxxviii.</Unicode>
                </TextEquiv>
            </TextLine>
            <TextLine id="r3l60" custom="readingOrder {index:29;}">
                <Coords points="1235,2039 1273,2038 1311,2038 1349,2038 1387,2038 1425,2039 1463,2039 1501,2039 1539,2041 1577,2041 1615,2042 1653,2043 1691,2044 1729,2045 1767,2047 1805,2048 1843,2050 1881,2051 1919,2052 1957,2054 1995,2054 1995,2020 1957,2020 1919,2018 1881,2017 1843,2016 1805,2014 1767,2013 1729,2011 1691,2010 1653,2009 1615,2008 1577,2007 1539,2007 1501,2005 1463,2005 1425,2005 1387,2004 1349,2004 1311,2004 1273,2004 1235,2005"/>
                <Baseline points="1235,2028 1273,2027 1311,2027 1349,2027 1387,2027 1425,2028 1463,2028 1501,2028 1539,2030 1577,2030 1615,2031 1653,2032 1691,2033 1729,2034 1767,2036 1805,2037 1843,2039 1881,2040 1919,2041 1957,2043 1995,2043"/>
                <TextEquiv>
                    <Unicode>Successione relicte absque prole in bona ma</Unicode>
                </TextEquiv>
            </TextLine>
            <TextLine id="r3l62" custom="readingOrder {index:30;}">
                <Coords points="1287,2086 1313,2087 1339,2087 1365,2087 1391,2086 1417,2086 1443,2087 1469,2087 1496,2090 1496,2056 1469,2053 1443,2053 1417,2052 1391,2052 1365,2053 1339,2053 1313,2053 1287,2052"/>
                <Baseline points="1287,2075 1313,2076 1339,2076 1365,2076 1391,2075 1417,2075 1443,2076 1469,2076 1496,2079"/>
                <TextEquiv>
                    <Unicode>riti: fo. ccxxxix</Unicode>
                </TextEquiv>
            </TextLine>
            <TextLine id="r3l64" custom="readingOrder {index:31;}">
                <Coords points="1245,2140 1282,2138 1319,2138 1357,2137 1394,2137 1432,2137 1469,2137 1507,2138 1544,2138 1582,2140 1619,2140 1656,2141 1694,2143 1731,2144 1769,2146 1806,2146 1844,2147 1881,2149 1919,2149 1956,2150 1994,2150 1994,2116 1956,2116 1919,2115 1881,2115 1844,2113 1806,2112 1769,2112 1731,2110 1694,2109 1656,2107 1619,2106 1582,2106 1544,2104 1507,2104 1469,2103 1432,2103 1394,2103 1357,2103 1319,2104 1282,2104 1245,2106"/>
                <Baseline points="1245,2129 1282,2127 1319,2127 1357,2126 1394,2126 1432,2126 1469,2126 1507,2127 1544,2127 1582,2129 1619,2129 1656,2130 1694,2132 1731,2133 1769,2135 1806,2135 1844,2136 1881,2138 1919,2138 1956,2139 1994,2139"/>
                <TextEquiv>
                    <Unicode>Si quis egreditur de terra et relinquat posses-</Unicode>
                </TextEquiv>
            </TextLine>
            <TextLine id="r3l66" custom="readingOrder {index:32;}">
                <Coords points="1281,2188 1307,2189 1334,2189 1360,2188 1387,2188 1413,2186 1440,2186 1466,2186 1493,2187 1520,2189 1520,2155 1493,2153 1466,2152 1440,2152 1413,2152 1387,2154 1360,2154 1334,2155 1307,2155 1281,2154"/>
                <Baseline points="1281,2177 1307,2178 1334,2178 1360,2177 1387,2177 1413,2175 1440,2175 1466,2175 1493,2176 1520,2178"/>
                <TextEquiv>
                    <Unicode>siones. foccxl</Unicode>
                </TextEquiv>
            </TextLine>
            <TextLine id="r3l68" custom="readingOrder {index:33;}">
                <Coords points="1232,2240 1257,2240 1282,2239 1308,2239 1333,2239 1358,2239 1384,2237 1409,2237 1434,2237 1460,2237 1485,2237 1510,2239 1536,2239 1561,2239 1586,2240 1612,2240 1637,2242 1662,2243 1688,2245 1688,2211 1662,2209 1637,2208 1612,2206 1586,2206 1561,2205 1536,2205 1510,2205 1485,2203 1460,2203 1434,2203 1409,2203 1384,2203 1358,2205 1333,2205 1308,2205 1282,2205 1257,2206 1232,2206"/>
                <Baseline points="1232,2229 1257,2229 1282,2228 1308,2228 1333,2228 1358,2228 1384,2226 1409,2226 1434,2226 1460,2226 1485,2226 1510,2228 1536,2228 1561,2228 1586,2229 1612,2229 1637,2231 1662,2232 1688,2234"/>
                <TextEquiv>
                    <Unicode>Statutis ciuitatis. fo. ccxl.</Unicode>
                </TextEquiv>
            </TextLine>
            <TextLine id="r3l70" custom="readingOrder {index:34;}">
                <Coords points="1230,2288 1268,2288 1306,2288 1345,2288 1383,2288 1422,2288 1460,2290 1498,2290 1537,2290 1575,2291 1614,2293 1652,2293 1690,2294 1729,2294 1767,2296 1806,2296 1844,2297 1882,2297 1921,2299 1959,2299 1998,2299 1998,2265 1959,2265 1921,2265 1882,2263 1844,2263 1806,2262 1767,2262 1729,2260 1690,2260 1652,2259 1614,2259 1575,2257 1537,2256 1498,2256 1460,2256 1422,2254 1383,2254 1345,2254 1306,2254 1268,2254 1230,2254"/>
                <Baseline points="1230,2277 1268,2277 1306,2277 1345,2277 1383,2277 1422,2277 1460,2279 1498,2279 1537,2279 1575,2280 1614,2282 1652,2282 1690,2283 1729,2283 1767,2285 1806,2285 1844,2286 1882,2286 1921,2288 1959,2288 1998,2288"/>
                <TextEquiv>
                    <Unicode>Si quis alium furem appellaverit et male ar-</Unicode>
                </TextEquiv>
            </TextLine>
            <TextLine id="r3l72" custom="readingOrder {index:35;}">
                <Coords points="1280,2338 1305,2336 1330,2336 1356,2335 1381,2335 1406,2335 1432,2336 1457,2336 1482,2337 1508,2338 1508,2304 1482,2303 1457,2302 1432,2302 1406,2301 1381,2301 1356,2301 1330,2302 1305,2302 1280,2304"/>
                <Baseline points="1280,2327 1305,2325 1330,2325 1356,2324 1381,2324 1406,2324 1432,2325 1457,2325 1482,2326 1508,2327"/>
                <TextEquiv>
                    <Unicode>guerit. fo. ccxli</Unicode>
                </TextEquiv>
            </TextLine>
            <TextLine id="r3l74" custom="readingOrder {index:36;}">
                <Coords points="1233,2383 1265,2383 1298,2383 1331,2383 1364,2383 1397,2383 1430,2384 1462,2384 1495,2384 1528,2384 1561,2384 1594,2384 1627,2385 1660,2386 1692,2386 1725,2387 1758,2387 1791,2389 1824,2390 1857,2392 1890,2393 1890,2360 1857,2359 1824,2357 1791,2356 1758,2354 1725,2354 1692,2353 1660,2353 1627,2352 1594,2351 1561,2351 1528,2351 1495,2351 1462,2351 1430,2351 1397,2350 1364,2350 1331,2350 1298,2350 1265,2350 1233,2350"/>
                <Baseline points="1233,2372 1265,2372 1298,2372 1331,2372 1364,2372 1397,2372 1430,2373 1462,2373 1495,2373 1528,2373 1561,2373 1594,2373 1627,2374 1660,2375 1692,2375 1725,2376 1758,2376 1791,2378 1824,2379 1857,2381 1890,2382"/>
                <TextEquiv>
                    <Unicode>Si quid homo coram iudice fatetur fo. ccxlii</Unicode>
                </TextEquiv>
            </TextLine>
            <TextLine id="r3l76" custom="readingOrder {index:37;}">
                <Coords points="1227,2431 1265,2431 1303,2429 1341,2429 1379,2429 1418,2429 1456,2429 1494,2431 1532,2431 1570,2432 1609,2434 1647,2435 1685,2435 1723,2437 1761,2438 1800,2440 1838,2441 1876,2442 1914,2443 1952,2444 1991,2444 1991,2411 1952,2411 1914,2410 1876,2409 1838,2408 1800,2407 1761,2405 1723,2404 1685,2402 1647,2402 1609,2401 1570,2399 1532,2398 1494,2398 1456,2396 1418,2396 1379,2396 1341,2396 1303,2396 1265,2398 1227,2398"/>
                <Baseline points="1227,2420 1265,2420 1303,2418 1341,2418 1379,2418 1418,2418 1456,2418 1494,2420 1532,2420 1570,2421 1609,2423 1647,2424 1685,2424 1723,2426 1761,2427 1800,2429 1838,2430 1876,2431 1914,2432 1952,2433 1991,2433"/>
                <TextEquiv>
                    <Unicode>Si Rex pergat Romam qui secum proce-</Unicode>
                </TextEquiv>
            </TextLine>
            <TextLine id="r3l77" custom="readingOrder {index:38;}">
                <Coords points="1284,2477 1310,2477 1337,2477 1363,2476 1390,2476 1416,2476 1443,2476 1469,2476 1496,2476 1522,2477 1549,2477 1575,2478 1602,2479 1629,2482 1629,2449 1602,2446 1575,2445 1549,2444 1522,2444 1496,2443 1469,2443 1443,2443 1416,2443 1390,2443 1363,2443 1337,2444 1310,2444 1284,2444"/>
                <Baseline points="1284,2466 1310,2466 1337,2466 1363,2465 1390,2465 1416,2465 1443,2465 1469,2465 1496,2465 1522,2466 1549,2466 1575,2467 1602,2468 1629,2471"/>
                <TextEquiv>
                    <Unicode>dere debeant. fo. ccxlvi</Unicode>
                </TextEquiv>
            </TextLine>
            <TextLine id="r3l80" custom="readingOrder {index:39;}">
                <Coords points="1235,2522 1272,2522 1310,2523 1347,2524 1385,2524 1422,2524 1460,2525 1497,2526 1535,2527 1572,2528 1610,2528 1647,2530 1685,2531 1722,2533 1760,2533 1797,2535 1835,2536 1872,2537 1910,2539 1947,2540 1985,2540 1985,2507 1947,2507 1910,2506 1872,2504 1835,2503 1797,2502 1760,2500 1722,2500 1685,2498 1647,2497 1610,2495 1572,2495 1535,2494 1497,2493 1460,2492 1422,2491 1385,2491 1347,2491 1310,2490 1272,2489 1235,2489"/>
                <Baseline points="1235,2511 1272,2511 1310,2512 1347,2513 1385,2513 1422,2513 1460,2514 1497,2515 1535,2516 1572,2517 1610,2517 1647,2519 1685,2520 1722,2522 1760,2522 1797,2524 1835,2525 1872,2526 1910,2528 1947,2529 1985,2529"/>
                <TextEquiv>
                    <Unicode>Si vasallus nagaverit bona que tenet a do-</Unicode>
                </TextEquiv>
            </TextLine>
            <TextLine id="r3l81" custom="readingOrder {index:40;}">
                <Coords points="1283,2576 1310,2575 1337,2575 1365,2574 1392,2573 1420,2572 1447,2572 1474,2572 1502,2573 1529,2575 1557,2578 1557,2544 1529,2541 1502,2539 1474,2538 1447,2538 1420,2538 1392,2539 1365,2540 1337,2541 1310,2541 1283,2542"/>
                <Baseline points="1283,2565 1310,2564 1337,2564 1365,2563 1392,2562 1420,2561 1447,2561 1474,2561 1502,2562 1529,2564 1557,2567"/>
                <TextEquiv>
                    <Unicode>mino. fo. ccxlviii</Unicode>
                </TextEquiv>
            </TextLine>
            <TextLine id="r3l84" custom="readingOrder {index:41;}">
                <Coords points="1232,2630 1268,2629 1304,2627 1340,2626 1376,2626 1413,2624 1449,2624 1485,2624 1521,2624 1557,2626 1594,2626 1630,2626 1666,2627 1702,2629 1738,2630 1775,2630 1811,2632 1847,2632 1883,2633 1919,2635 1956,2635 1956,2601 1919,2601 1883,2599 1847,2598 1811,2598 1775,2596 1738,2596 1702,2595 1666,2593 1630,2592 1594,2592 1557,2592 1521,2590 1485,2590 1449,2590 1413,2590 1376,2592 1340,2592 1304,2593 1268,2595 1232,2596"/>
                <Baseline points="1232,2619 1268,2618 1304,2616 1340,2615 1376,2615 1413,2613 1449,2613 1485,2613 1521,2613 1557,2615 1594,2615 1630,2615 1666,2616 1702,2618 1738,2619 1775,2619 1811,2621 1847,2621 1883,2622 1919,2624 1956,2624"/>
                <TextEquiv>
                    <Unicode>Subita infendatione et de sequela. fo. cclv</Unicode>
                </TextEquiv>
            </TextLine>
            <TextEquiv>
                <Unicode>Sacerdote et clerico duplicem in successione&#13;
divisionem percipiente scilicet Suppel-&#13;
lectilem cum sorore. et hereditatem cum&#13;
fratre. fo. cc&#13;
Sueuo arma bellica ultra septimam consan-&#13;
guineitatis lineam recipiente. fo. cciii&#13;
Salutato ad duellum a vulnerato. fo. ccviii.&#13;
Successione legittimorum et illegittimorum&#13;
ac etiam probatione ingenuitas. fo. ccix&#13;
Sententia que prius deffiniri deberet. fo. ccxii&#13;
Solutione debiti eodem&#13;
Spretione satisfactionis: fo. ccxiii&#13;
Spacio temporis infra quod Sententia iusta a rege&#13;
debet reportari fo. ccxvi&#13;
Solutione thelonei tam aque quam pontis per di-&#13;
versos. et qui debent esse liberi et de conductu.&#13;
folio ccxix&#13;
Successione post sententiatum fo. ccxx&#13;
Successone post eum qui consciuit mortem&#13;
folio. ccxx&#13;
Subtrahente annonam et de viatore depascente&#13;
annonam. fo. ccxxi&#13;
De Servis et dominis fo. ccxxi&#13;
Successione in morticinia absque relicta he-&#13;
rede. fo. ccxxxvii&#13;
Servo quem dominus suus faciat liberum quale ius&#13;
obtineat factus liber fo. ccxxivii.&#13;
Si in campo occissus aut lesus inveniaur&#13;
folio. ccxxxviii.&#13;
Successione relicte absque prole in bona ma&#13;
riti: fo. ccxxxix&#13;
Si quis egreditur de terra et relinquat posses-&#13;
siones. foccxl&#13;
Statutis ciuitatis. fo. ccxl.&#13;
Si quis alium furem appellaverit et male ar-&#13;
guerit. fo. ccxli&#13;
Si quid homo coram iudice fatetur fo. ccxlii&#13;
Si Rex pergat Romam qui secum proce-&#13;
dere debeant. fo. ccxlvi&#13;
Si vasallus nagaverit bona que tenet a do-&#13;
mino. fo. ccxlviii&#13;
Subita infendatione et de sequela. fo. cclv</Unicode>
            </TextEquiv>
        </TextRegion>
        <TextRegion orientation="0.0" id="TextRegion_1636632148431_260" custom="readingOrder {index:5;} structure {type:[heading];}">
            <Coords points="1141,2634 2001,2634 2001,2706 1141,2706"/>
            <TextLine id="r3l86" custom="readingOrder {index:0;}">
                <Coords points="1419,2710 1444,2708 1469,2706 1494,2705 1519,2705 1545,2705 1570,2707 1595,2708 1620,2712 1646,2714 1646,2680 1620,2678 1595,2674 1570,2673 1545,2671 1519,2671 1494,2671 1469,2672 1444,2674 1419,2676"/>
                <Baseline points="1419,2699 1444,2697 1469,2695 1494,2694 1519,2694 1545,2694 1570,2696 1595,2697 1620,2701 1646,2703"/>
                <TextEquiv>
                    <Unicode>De T</Unicode>
                </TextEquiv>
            </TextLine>
            <TextEquiv>
                <Unicode>De T</Unicode>
            </TextEquiv>
        </TextRegion>
        <TextRegion orientation="0.0" type="paragraph" id="TextRegion_1636632148431_259" custom="readingOrder {index:6;} structure {type:paragraph;}">
            <Coords points="1141,2706 2001,2706 2001,3217 1141,3217"/>
            <TextLine id="r3l89" custom="readingOrder {index:0;}">
                <Coords points="1229,2774 1267,2771 1305,2768 1343,2768 1381,2767 1419,2765 1457,2765 1496,2767 1534,2767 1572,2768 1610,2768 1648,2770 1686,2771 1724,2772 1763,2773 1801,2774 1839,2774 1877,2774 1915,2774 1953,2774 1992,2773 1992,2739 1953,2740 1915,2740 1877,2740 1839,2740 1801,2740 1763,2739 1724,2738 1686,2737 1648,2736 1610,2734 1572,2734 1534,2733 1496,2733 1457,2731 1419,2731 1381,2733 1343,2734 1305,2734 1267,2737 1229,2740"/>
                <Baseline points="1229,2763 1267,2760 1305,2757 1343,2757 1381,2756 1419,2754 1457,2754 1496,2756 1534,2756 1572,2757 1610,2757 1648,2759 1686,2760 1724,2761 1763,2762 1801,2763 1839,2763 1877,2763 1915,2763 1953,2763 1992,2762"/>
                <TextEquiv>
                    <Unicode>Tribus exceptionibus quibus pater eximit</Unicode>
                </TextEquiv>
            </TextLine>
            <TextLine id="r3l91" custom="readingOrder {index:1;}">
                <Coords points="1298,2818 1331,2816 1364,2815 1397,2815 1430,2815 1464,2815 1497,2815 1530,2816 1563,2817 1596,2818 1630,2819 1663,2819 1696,2821 1729,2822 1762,2822 1796,2824 1829,2824 1862,2824 1895,2823 1928,2822 1962,2821 1962,2788 1928,2789 1895,2790 1862,2791 1829,2791 1796,2791 1762,2789 1729,2789 1696,2788 1663,2786 1630,2786 1596,2785 1563,2784 1530,2783 1497,2782 1464,2782 1430,2782 1397,2782 1364,2782 1331,2783 1298,2785"/>
                <Baseline points="1298,2807 1331,2805 1364,2804 1397,2804 1430,2804 1464,2804 1497,2804 1530,2805 1563,2806 1596,2807 1630,2808 1663,2808 1696,2810 1729,2811 1762,2811 1796,2813 1829,2813 1862,2813 1895,2812 1928,2811 1962,2810"/>
                <TextEquiv>
                    <Unicode>filium criminaliter inculpatum fo. clxix</Unicode>
                </TextEquiv>
            </TextLine>
            <TextLine id="r3l93" custom="readingOrder {index:2;}">
                <Coords points="1227,2862 1265,2863 1303,2863 1341,2863 1379,2863 1418,2865 1456,2865 1494,2866 1532,2866 1570,2866 1609,2868 1647,2868 1685,2869 1723,2869 1761,2869 1800,2869 1838,2869 1876,2869 1914,2869 1952,2869 1991,2869 1991,2839 1952,2839 1914,2839 1876,2839 1838,2839 1800,2839 1761,2839 1723,2839 1685,2839 1647,2838 1609,2838 1570,2836 1532,2836 1494,2836 1456,2835 1418,2835 1379,2833 1341,2833 1303,2833 1265,2833 1227,2832"/>
                <Baseline points="1227,2852 1265,2853 1303,2853 1341,2853 1379,2853 1418,2855 1456,2855 1494,2856 1532,2856 1570,2856 1609,2858 1647,2858 1685,2859 1723,2859 1761,2859 1800,2859 1838,2859 1876,2859 1914,2859 1952,2859 1991,2859"/>
                <TextEquiv>
                    <Unicode>Testimonio pro hereditate vel debito per-</Unicode>
                </TextEquiv>
            </TextLine>
            <TextLine id="r3l95" custom="readingOrder {index:3;}">
                <Coords points="1169,2913 1212,2911 1255,2911 1298,2911 1341,2911 1384,2911 1427,2913 1470,2913 1513,2914 1556,2916 1600,2916 1643,2917 1686,2917 1729,2917 1772,2917 1815,2917 1858,2916 1901,2914 1944,2913 1988,2910 1988,2880 1944,2883 1901,2884 1858,2886 1815,2887 1772,2887 1729,2887 1686,2887 1643,2887 1600,2886 1556,2886 1513,2884 1470,2883 1427,2883 1384,2881 1341,2881 1298,2881 1255,2881 1212,2881 1169,2883"/>
                <Baseline points="1169,2903 1212,2901 1255,2901 1298,2901 1341,2901 1384,2901 1427,2903 1470,2903 1513,2904 1556,2906 1600,2906 1643,2907 1686,2907 1729,2907 1772,2907 1815,2907 1858,2906 1901,2904 1944,2903 1988,2900"/>
                <TextEquiv>
                    <Unicode>soluto per septem veltres viros faciendo.</Unicode>
                </TextEquiv>
            </TextLine>
            <TextLine id="r3l97" custom="readingOrder {index:4;}">
                <Coords points="1227,2960 1264,2960 1302,2960 1340,2962 1378,2962 1416,2963 1453,2963 1491,2964 1529,2965 1567,2965 1605,2966 1642,2966 1680,2966 1718,2966 1756,2966 1794,2966 1831,2966 1869,2965 1907,2964 1945,2962 1983,2962 1983,2929 1945,2929 1907,2931 1869,2932 1831,2933 1794,2933 1756,2933 1718,2933 1680,2933 1642,2933 1605,2933 1567,2932 1529,2932 1491,2931 1453,2930 1416,2930 1378,2929 1340,2929 1302,2927 1264,2927 1227,2927"/>
                <Baseline points="1227,2949 1264,2949 1302,2949 1340,2951 1378,2951 1416,2952 1453,2952 1491,2953 1529,2954 1567,2954 1605,2955 1642,2955 1680,2955 1718,2955 1756,2955 1794,2955 1831,2955 1869,2954 1907,2953 1945,2951 1983,2951"/>
                <TextEquiv>
                    <Unicode>De tutore puerorum quis esse debeat et de (fo. clxxxiii)</Unicode>
                </TextEquiv>
            </TextLine>
            <TextLine id="r3l98" custom="readingOrder {index:5;}">
                <Coords points="1281,3007 1316,3008 1351,3008 1386,3010 1422,3011 1457,3011 1492,3012 1527,3013 1563,3014 1598,3014 1633,3014 1668,3015 1704,3016 1739,3016 1774,3014 1809,3014 1845,3014 1880,3013 1915,3012 1950,3011 1986,3008 1986,2975 1950,2978 1915,2979 1880,2980 1845,2981 1809,2981 1774,2981 1739,2983 1704,2983 1668,2982 1633,2981 1598,2981 1563,2981 1527,2980 1492,2979 1457,2978 1422,2978 1386,2977 1351,2975 1316,2975 1281,2974"/>
                <Baseline points="1281,2996 1316,2997 1351,2997 1386,2999 1422,3000 1457,3000 1492,3001 1527,3002 1563,3003 1598,3003 1633,3003 1668,3004 1704,3005 1739,3005 1774,3003 1809,3003 1845,3003 1880,3002 1915,3001 1950,3000 1986,2997"/>
                <TextEquiv>
                    <Unicode>ratione eundem tutorem reddenda. fo. clxxxiiii.</Unicode>
                </TextEquiv>
            </TextLine>
            <TextLine id="r3l100" custom="readingOrder {index:6;}">
                <Coords points="1287,3054 1312,3054 1338,3054 1363,3055 1389,3056 1414,3057 1440,3058 1465,3059 1491,3060 1516,3061 1542,3061 1567,3063 1593,3063 1593,3032 1567,3032 1542,3030 1516,3030 1491,3029 1465,3028 1440,3027 1414,3026 1389,3025 1363,3024 1338,3023 1312,3023 1287,3023"/>
                <Baseline points="1287,3044 1312,3044 1338,3044 1363,3045 1389,3046 1414,3047 1440,3048 1465,3049 1491,3050 1516,3051 1542,3051 1567,3053 1593,3053"/>
                <TextEquiv>
                    <Unicode>Et infra fo. lxxxvii.</Unicode>
                </TextEquiv>
            </TextLine>
            <TextLine id="r3l102" custom="readingOrder {index:7;}">
                <Coords points="1223,3106 1262,3106 1302,3106 1342,3106 1382,3107 1422,3107 1462,3107 1502,3107 1542,3107 1582,3107 1622,3106 1662,3106 1702,3106 1742,3106 1782,3105 1822,3104 1862,3103 1902,3103 1942,3101 1982,3101 1982,3068 1942,3068 1902,3070 1862,3070 1822,3071 1782,3072 1742,3073 1702,3073 1662,3073 1622,3073 1582,3074 1542,3074 1502,3074 1462,3074 1422,3074 1382,3074 1342,3073 1302,3073 1262,3073 1223,3073"/>
                <Baseline points="1223,3095 1262,3095 1302,3095 1342,3095 1382,3096 1422,3096 1462,3096 1502,3096 1542,3096 1582,3096 1622,3095 1662,3095 1702,3095 1742,3095 1782,3094 1822,3093 1862,3092 1902,3092 1942,3090 1982,3090"/>
                <TextEquiv>
                    <Unicode>Tribus ducibus Imperii Romanii electo-</Unicode>
                </TextEquiv>
            </TextLine>
            <TextLine id="r3l104" custom="readingOrder {index:8;}">
                <Coords points="1278,3152 1313,3154 1349,3155 1385,3156 1421,3157 1457,3157 1493,3157 1528,3155 1564,3155 1600,3154 1636,3154 1672,3152 1708,3152 1744,3152 1779,3152 1815,3152 1851,3152 1887,3154 1923,3155 1959,3158 1995,3160 1995,3127 1959,3125 1923,3122 1887,3121 1851,3119 1815,3119 1779,3119 1744,3119 1708,3119 1672,3119 1636,3121 1600,3121 1564,3122 1528,3122 1493,3124 1457,3124 1421,3124 1385,3123 1349,3122 1313,3121 1278,3119"/>
                <Baseline points="1278,3141 1313,3143 1349,3144 1385,3145 1421,3146 1457,3146 1493,3146 1528,3144 1564,3144 1600,3143 1636,3143 1672,3141 1708,3141 1744,3141 1779,3141 1815,3141 1851,3141 1887,3143 1923,3144 1959,3147 1995,3149"/>
                <TextEquiv>
                    <Unicode>ribus quomodo cittari debeant ad Pal-</Unicode>
                </TextEquiv>
            </TextLine>
            <TextLine id="r3l107" custom="readingOrder {index:9;}">
                <Coords points="1277,3208 1303,3208 1330,3208 1356,3208 1383,3208 1409,3208 1436,3208 1462,3207 1489,3206 1515,3206 1542,3206 1568,3206 1595,3206 1622,3206 1622,3172 1595,3172 1568,3172 1542,3172 1515,3172 1489,3172 1462,3173 1436,3174 1409,3174 1383,3174 1356,3174 1330,3174 1303,3174 1277,3174"/>
                <Baseline points="1277,3197 1303,3197 1330,3197 1356,3197 1383,3197 1409,3197 1436,3197 1462,3196 1489,3195 1515,3195 1542,3195 1568,3195 1595,3195 1622,3195"/>
                <TextEquiv>
                    <Unicode>latiam. folio. cxcvii</Unicode>
                </TextEquiv>
            </TextLine>
            <TextEquiv>
                <Unicode>Tribus exceptionibus quibus pater eximit&#13;
filium criminaliter inculpatum fo. clxix&#13;
Testimonio pro hereditate vel debito per-&#13;
soluto per septem veltres viros faciendo.&#13;
De tutore puerorum quis esse debeat et de (fo. clxxxiii)&#13;
ratione eundem tutorem reddenda. fo. clxxxiiii.&#13;
Et infra fo. lxxxvii.&#13;
Tribus ducibus Imperii Romanii electo-&#13;
ribus quomodo cittari debeant ad Pal-&#13;
latiam. folio. cxcvii</Unicode>
            </TextEquiv>
        </TextRegion>
    </Page>
</PcGts>
