2855 3913
864 382 1262 437 fo. XIII.
782 472 1371 532 De iure rerum.
326 619 2021 669 formariis. alleciariis. pullariis. castrariis. ferrariis. sigillinariis. et
341 683 2019 735 de omnibus penestricis. Universitatis sunt etiam census. et de omni-
338 749 2031 801 bus communibus domibus mercationum. pannificum. lanificum. li
341 817 2031 866 nificum. pellificum. calcificum. pannicidarium et ceterorum. Univer
326 880 2031 934 sitatis etiam sunt omnes census de turribus civitatis. De fossatis.
335 947 2034 999 de mensuratis modiis: urnis metretis. humidorum et aridorum. et
335 1015 2028 1064 de omnibus ponderibus quibus mercimonia ponderantur. Res vero
338 1079 2025 1130 singularium hominum multe sunt et diverse. Quedam tamen ipsis na
326 1143 1992 1196 turali iure dominia acquiruntur. Quedam iure civili et humano etcetera.
332 1226 2031 1283 Que naturali acquiruntur iure. Capitulum. II.
319 1341 458 1437 p
527 1298 2036 1350 Rimo determinandum est de his que naturali iure acquirun
524 1361 2027 1416 tur. eo que illud ius vestustius est omni iure vt super patuit Na
524 1426 2033 1481 turali enim iure acquiruntur nobis res corporee multis mo
338 1496 2030 1551 dis. ut statim infra patebit. Primo per occupationem. id est per ca-
339 1565 2024 1620 ptionem ferarum et animalium. Quia omnia fera animalia que in ter
335 1634 2028 1685 ris et in aquis et in aere nascuntur et nutriuntur. quoniam nos ea capimus per
345 1697 2027 1751 venationem. aucupationem. piscationem statim nostra sunt. quia an
330 1759 2027 1817 tea nullius erant. Et quod nullius est. naturali ratione conceditur
342 1822 2030 1883 occupanti Etiam quia tempore primevo omnia fera animalia erant
341 1892 2034 1946 omnibus communia. et licuit unicuique capere ubi potuit et voluit.
345 1955 2033 2012 Et ideo quia talia animalia tempore libertatis nullius sunt. et nulli
336 2023 2033 2075 utilia sed omnibus nocitura. igitur ab omnibus capi possunt. Nec
341 2087 2024 2144 interest utrum quis in suo fundo vel alieno. feras et bestias capiat.
356 2152 2036 2216 Potest tamen dominus fundi volentem venari. piscari. vel aucupa
339 2222 2024 2278 ri in fundo suo si previdet prohibere ne ingrediatur. Et si ultra hoc
326 2289 2025 2346 ingreditur. tenetur sibi iure iniuriarum et furti actione Et quicquid
341 2359 2022 2411 eorum ceperis. eo usque tuum esse intelligitur. donec tua custodia co
330 2422 2016 2475 hercetur. Dum vero tuam custodiam evaserit. et in naturalem liber-
336 2487 1998 2542 tatem se receperit. tunc tuum esse desinit. et rursum fit occupantis.
348 2548 2024 2609 Naturalem autem libertatem recipere intelligitur cum vel oculos
317 2621 2019 2675 tuos effugerit: vel ita sit in conspectu tuo: ut impossibilis propul-
324 2687 891 2742 sio sit eius prosecutio.
332 2766 1253 2830 De natura et iure apum
1425 2769 2027 2826 Capitulum. III.
320 2914 365 2969 a
533 2835 2033 2904 Pum natura feta est Itaque apes que arbore tua consederint. ante
530 2899 2015 2974 quam in alveario tuo includantur. non magis tue esse intelligun-
513 2970 2027 3036 tur quam volucres que in arbore tua sibi nidum fecerunt Ideoque si ali
339 3036 2021 3101 us eas incluserit. ipse earum dominus erit Favos quos si in arbore tua effecerint
336 3105 2024 3171 quolibet potest recipere te nesciente. si aut prevides aliquem in fundum tuum ingredien
2081 678 2345 725 Census univer-
2076 726 2252 773 sitatis tamen
