2855 3913
527 568 927 605 Summarium.
1050 539 2535 607 Kazimirus tercius in opatowiecz statuit
1061 692 2562 763 ¶ Kazimirus tercius Vladislai Iagello-
1022 785 2568 851 nis filius in oppathowiiecz sanxit Statuta
1026 877 2570 943 de raptoribus et invasoribus bonorum ec-
1016 967 2559 1033 clesie que edidit in Novacivitate sub data in
1010 1067 1397 1124 frascripta.
1070 1331 1212 1466 k
1419 1174 2571 1241 Azimirus dei gratia Rex Polo
1419 1257 2561 1307 nie. Magnus dux Lituanie. Russie Prussie que
1418 1317 2561 1375 dominus et heres et cetera.Universis et singulis Capitane
1415 1382 2562 1442 is Signanter tamen Cracoviensis. Sandomiriensis. no
1422 1445 2571 1506 vecivitatis Radomiensis. Lublinensis. et aliis ubi
1416 1513 2556 1572 libet consistentibus presentibus requirens. sin-
1425 1581 2562 1641 cere et fidelibus dilectis. Gratiam nostram cum
1020 1651 2568 1718 favore Magnifici et generosi sincere: et fideles nostri dilecti
1029 1714 2556 1787 Non sine gravi animi molestia: ac divine ultionis metu quot-
1037 1778 2571 1850 tidianas spiritualium regni nostri querelas. lacrimis etiam
1026 1846 2562 1917 permixtas audimus. Quomodo ipsi per terrigenas bellige-
1032 1912 2567 1983 ros. qui ad expeditionem generalem proxime preteritam pro
1026 1975 2562 2048 cedebant in bonis ecclesiasistis preter morem terrestrem: dam
1032 2042 2571 2112 nificati sunt. Volentes itaque ultionem divinam intercipere:
1028 2105 2568 2177 nostraque animadversione prevenire Cum omnibus consiliariis
1026 2171 2571 2241 nostris in oppatowiiecz exercitualiter congregatis talem mo
1037 2236 2568 2307 dum invenimus statuimusque: per quem ipsi spirituales dam
1031 2309 2577 2375 pna sua per viam iuris repetent breviorem ¶ Que quilibet pro
1044 2370 2580 2439 dampnis suis: possit coram capitaneo loci: cui damnificator
1035 2435 2574 2510 ipse subiacet eum convenire quem ipse capitaneus pro dampnis
1040 2504 2577 2573 illatis non secus quam pro articulo castrensi. uno ex quattuor in
1035 2567 2571 2642 iure descripto iudicare debebit. ¶ Et admittere probationem
1035 2633 2577 2705 actori: sicut violentia domestica: aut si actor id egerit: quod ar
1047 2698 2571 2770 bitrio eius deferimus purgatione iuramenti more castri reus
1038 2766 2567 2835 iudicetur. ¶ Si vero capitaneus in longa distantia fuerit: co-
1041 2833 2571 2899 ram quo reus deberet trahi in causam: poterit actor spiritua
1040 2899 2577 2967 lis opportunitate capta: dum ipsi in patribus Cracoviensis et
1040 2963 2577 3035 non maioris polonie essemus constituti: ad nostri presentiam
1037 3033 2553 3105 reum citare: quem nulla districtus evocatione volumus ex-
1035 3092 2583 3174 cipi: sed more bellico actori iusticiam ministrare: que omnia
1032 3159 2577 3243 descripta de spiritualibus bene possessionatis terrestri domi
570 2281 906 2318 ☞Inferens alicui
570 2329 912 2369 spirituali dampnum coram
566 2374 918 2416 capitaneum. cui subest est
582 2422 909 2462 conveniendus et non se-
581 2470 909 2510 cus quam pro articulo
570 2518 912 2558 castrensi uno ex qua-
570 2566 918 2606 tuor per eum iudicandus
581 2611 902 2656 ¶ Actori super dampno
575 2659 911 2702 illato incumbit proba-
584 2708 921 2750 tio: alias reus iurabit
584 2758 914 2798 se esse immunem a
572 2810 798 2846 damno illato
572 2861 915 2895 Capitaneo a lo
573 2907 917 2941 co longe distante potest.
576 2956 915 2990 Actor reum coram rege
576 3002 909 3038 in terra Cracoviensi agente
581 3049 918 3088 convenire. sine distri-
575 3100 873 3137 ctus exceptione.
