2805 3690
518 211 2502 485 et clausulis postulat et requirit juribus tamen nostris regalibus per omnia semper
516 408 2522 571 salvis harum quibus sigillum nostrum presentibus est subappensum testimonio
509 499 2475 635 litterarum actum in Pyothrcow in convencione generali die dominico
492 576 2518 704 proximo post Lucie Virginis anno Domini milesimo quadringentesimo quadra
494 648 2466 776 gesimo nono presentibus reverendo in Cristo patre Domino Andrea
473 724 2491 857 episcopo Poznaniensi et magnificis Johanne de Czizow castellano
510 811 2463 935 et Johanne de Tanczyn palatino Cracoviensibus Johanne de
467 892 2483 1034 Oleschnicza palatino et Predborio de Conyeczpole castellano
448 977 2451 1115 Sandomiriensibus Johanne de Grandi Spycimiriensi castellano et
458 1044 2405 1214 alis multis fidedignis testibus ad premissa datum per manus
483 1130 2484 1280 magnificorum Johannis de Conyeczpole cancellarii et Petri de
495 1217 2432 1382 Sczekoczynii vicecancellarii regni Polonie sincere nobis dilectorum
1360 1313 2491 1518 relatio eiusdem magnifici Johannis de
1380 1453 2554 1645 Conyeczpole regni Polonie cancellarii
