2805 3690
803 187 2136 530 Jus Theutunicum Bogdanska
1010 319 1838 419 Bogdanow Bognanowska Wolka
197 235 2283 1555 In nomine Domini Amen ad perpetuam rei memoriam quomodo
416 543 2318 713 tunc multis errorum et dubiorum prudenter occurrimus incomodis dum
385 630 2345 800 gesta etatis nostre litterarum apicibus et testium annotacione perhennamus pro
414 723 2324 862 inde nos Kazimirus tercius Dei gratia rex Polonie magnus dux Lith
363 811 2322 955 phanie necnon terrarum Cracovie Sandomirie Siradie Lancicie Cuiavie
361 888 2300 1044 Pomeranie dominus et heres Russie etc. significamus tenore presencium quibus
377 969 2279 1131 expedit universis presentibus et futuris presencium noticiam habituris quomodo
295 1057 2264 1244 pro parte nobilis Johannis Bogdanowsky nostre magestati oblata peticio
324 1145 2321 1296 continebat quatinus villas ipsius scilicet Bogdanow et Bogdanowska Wola in terra
316 1240 2387 1392 Siradiensi districtu Pyothrcoviensi sitas de jure Polonico in jus Theutunicum
381 1324 2375 1484 quod Maydburriense dicitur transferre dignaremur generose nos itaque peticionibus
356 1402 2331 1544 huiusmodi tanquam iustis benigniter acclinati predictas villas et heriditates
317 1495 2407 1646 videlicet Bogdanow et Bogdanowska Wola prout in suis metis et graniciebus longe
368 1576 2345 1727 et circumferencialiter distincte et limittate existunt de jure Polonico et quovis
360 1660 2336 1818 alio in jus Theutunicum quod Maydburiense dicitur transferimus tenore presencium
285 1735 2403 1919 mediante perpetue duraturum removentes ibidem omnia jura Polonicalia et quevis alia
272 1802 2391 1985 modos et conswetudines universas que ipsum jus Theutonicum plerumque conswerunt
303 1884 2372 2079 perturbare eximimus insuper et perpetuo liberamus omnes et singulos kmethones
322 1948 2348 2144 et quosvis villarum predictarum incolas ab omni jurisdicione et potestate omnium
238 2018 2420 2226 regni nostri dignitariorum et officialium palatinorum castellanorum judicum subjudicum
278 2118 2345 2333 succamerariorum ac ipsorum ministeralium ut coram ipsis aut ipsorum alio pro causis
236 2197 2369 2418 magnis quam eciam parwis puta furti incendii sangwinis effusionis et membrorum
299 2288 2369 2501 mutilacione et aliis quibuscumque enormibus excessibus cittati minime responderunt
296 2384 2304 2568 nec aliquas penas solvere tenebuntur set tamen villarum predictarum ...
299 2462 2360 2639 coram suis scoltetis qui pro tempore fuerint scolteti vero coram nobis domino
247 2525 2333 2735 per nostram litteram evocati fuerint et cittati et hoc si in reddenda justicia fu
287 2618 2432 2786 erint negligentes et remissi tunc non aliter quam suo jure Theutonico Mandburiensi
254 2677 2396 2859 predicto de se querulantibus respondere sunt astricti in causis autem criminalibus
204 2767 2400 2943 vel capitalibus superius expressatis memoratarum villarum scoltetis in graniciis
197 2857 2331 3032 judicandi sentenciandi puniendi corrigendi plectendi condempnandi plenam damus
260 2941 2246 3104 et omnimodam tenore presencium concedimus facultatem prout hoc ipsum jus Theutonicum
260 3026 2073 3177 Maydburiense predictum in omnibus suis articulis capitulis punctis condicionibus
