2081 2783
770 151 1571 228 Tractatus Secundus
556 280 1065 369 Octava divisio
416 431 1151 489 Circa annum domini Octingentesimum
402 489 1148 534 trigesimum tempore dicti leonis Im-
416 545 1151 594 paratoris fuit. sub tribus patriarchis
418 603 1153 647 Constantinopolitanis hereticis. Ico-
416 650 1153 708 nomagicis scilicet Theodoro qui sedit
413 713 1142 755 annis sex et Anthonio qui sedit annis
407 763 1159 802 tredecim et Ioanne. qui annis novem
413 802 1159 865 qui tres nominatim anatematisati sunt
410 865 1148 909 per octavam Sinodum et durauvit annis
399 915 1153 959 quasi. xxvii. donec Metodius vir chri-
407 962 1153 1020 stianissimus in sede Constantinopoli-
418 1034 1153 1064 tana sedit. Sub quo totaliter defecit he
416 1089 1164 1125 resis Iconomagica qui annis quatuor
421 1130 1151 1177 residens ecclesiam univit Cui metodio
429 1188 1148 1227 cum Ignatius vir sanctus et coruscans
424 1238 1153 1282 miraculis successisset et cum iam sedisset
418 1293 1153 1340 annis. xi. per imparatoris michaelis. qui
421 1347 1172 1390 Leoni in imperium successerat avunculum
430 1397 1166 1445 Vardam nomine cognomento ebrio-
426 1459 1157 1505 sum. de sede pulsus est qui excommuni
409 1514 1160 1562 cabat eum que spreta legittima uxore nurum
409 1567 1160 1610 suam superduxerat nec absolvere voluit
433 1618 1164 1658 nisi rediret ad pristinum coniugium. et
411 1661 1164 1716 per violentiam fecit eligi quendam pho-
434 1720 1160 1762 cium laicum scelestum hominem. in pa-
418 1773 1101 1823 triarcham Constantinopolitanum
573 1838 986 1918 Nona divisio
414 1984 1161 2037 Cepit a prenominato phocio Nicolai
410 2039 1159 2101 pape primi et Michaelis imparatoris
410 2105 1159 2153 temporibus. circa annum Octingente
414 2156 1159 2204 simum quinquagesimum octavum. Nam
414 2202 1153 2264 petente dicto Michaele imparatore ut
1206 289 1939 351 papa Nicolaus phocium ad sedem Con-
1202 358 1935 396 stantinopolitanam confirmaret. papa
1203 406 1959 454 que hortaretur econtra pluribuse litteris
1214 462 1947 510 ut Ignatium iniuste a suis inferioribus
1207 516 1943 561 contra Canones depositum restitueret
1208 569 1942 607 sedi sue. ut habetur. xxi. dis. c. Inferior
1209 612 1954 668 sedes. cum. v. capitulis sequentibus dum
1202 677 1931 723 que cerneret ea in re obstinatiorem impa-
1202 723 1908 772 ratorem phocium deposuit et multas
1206 776 1933 826 contra eum excommunicationum senten-
1206 835 1931 881 tias promulgavit. Ipse vero favore et
1206 896 1944 932 presidio imparatoris sedem occupabat
1208 938 1935 982 violenter modum et viam querens co
1200 989 1933 1035 natu toto quo se ab obedientia pape exi
1206 1039 1933 1094 meret. Et quia veteres hereses sensit ea
1206 1094 1939 1151 in re. non fore sibi profuturas novam
1204 1155 1935 1195 conflavit. h. Nam versuta calliditate
1202 1201 1933 1252 constituit quasi generale concilium com
1208 1254 1933 1301 portare ut pertinaciter de processione
1204 1309 1933 1362 spiritus sancti Nestorii dogma defen-
1212 1370 1933 1410 deret quod sine pape auctoritate
1214 1416 1929 1459 et consensu facere nequiverat. Subdu-
1210 1465 1927 1515 xit ignotos viros eos esse legatos simu
1210 1515 1942 1572 lans. non solum Romane ecclesie sed
1208 1579 1942 1629 etiam principalium sedium aliarium sci
1206 1631 1931 1682 licet Alexandrine antiocene hirosolo-
1202 1688 1933 1724 mitane. Et congregans metropolitas et
1209 1734 1937 1780 episcopos per se agebat omnia. Nico-
1195 1786 1942 1836 laum papam multis criminibus accu
1197 1834 1931 1887 sando. Maxime que excommunicatus
1203 1899 1931 1947 esset eoque ad Simbolum addiderat spi
1203 1958 1939 1998 ritum sanctum et a filio procederet esse
1218 2010 1923 2050 depositum gestis tercii concilii contra
1218 2066 1927 2096 cuius decreta fecerat. qua pertinacia
1211 2108 1929 2135 magis imbuit grecos in hoc errore et
1203 2161 1929 2203 eos irritavit contra latinos. qui et plures
1213 2205 1931 2267 ac varios accusatores cum testibus sub
