2048 2732
767 165 1142 250 Folio. xvii
191 310 951 354 dicendi potestatem minime habere. ca-
178 361 935 399 tholicum. Namque utpute se superiorem ma
194 408 840 459 ledicere non valet. i. excommunicare.
207 471 929 531 ¶ Capitulum quartum ca
191 557 929 601 lumniam Scismaticorum
210 617 913 687 reprimens qui Catholicos
203 693 913 747 dicunt contra Niceni con-
219 766 932 832 cilii decretum agere et excom
188 823 656 899 municatos esse
199 910 940 953 Ne tamen eis videatur que nicene et Ephe
181 959 930 1000 sine Sinodi decreta soli firmiter custo-
191 1016 922 1065 diant. nos vero ceu prevaricatores eorum
199 1077 914 1105 Excommunicatos ut hereticos esse censerent
199 1116 910 1163 audeant utriusque decreta Sinodi et anima-
195 1167 910 1215 advertant si nos adversus ea faciamus. quam
197 1222 934 1278 vis aliqua habeamus apposita in simbolo
191 1281 918 1315 o Nicenum si quidem de verbo ad verbum
191 1325 918 1376 simbolum hoc fuit. Credo in unum deum
199 1390 920 1417 patrem omnipotentem visibilium et invisibi
193 1435 916 1496 lium conditorem. Et in unum dominum nostrum
193 1498 912 1521 Ihesum Christum filium dei. natum de patre
195 1537 906 1592 unigenitum hoc est de substantia patris
188 1589 938 1635 deum exdeo lumen de lumine deum verum
195 1641 936 1689 ex deo vero. natum non factum omousion patri
188 1689 916 1733 id est unius substantie cum patre per quem omnia
193 1751 916 1794 facta sunt in celo et in terra. Qui propter
186 1803 918 1845 nos homines et propter nostram salutem
182 1853 916 1899 descendit de celis. Et incarnatus est et
180 1901 916 1949 homo factus est passus mortuus est. Et re-
186 1958 920 2006 surgens tertia die ascendit in celos unde
188 2013 912 2063 venturus est iudicare vivos et mortuos
175 2072 925 2118 et spiritum sanctum. Tantum de Simbolo
204 2118 925 2161 Niceno. cui Simbolo in secundo Sinodo
191 2172 905 2238 Constantinopolitana Centum quinqua-
998 321 1707 361 ginta patrum multa sunt apposita ubi sic
996 375 1705 424 dicitur. Credimus in unum deum patrem omni-
1004 424 1709 474 potentem factorem celi et terre (velud in missa
981 476 1699 527 canitur) Et in spiritum sanctum dominum vivifi-
986 533 1717 579 cantem ex patre procedentem cum patre et fi-
990 587 1711 633 lio simul adorandum er giorificandum. alia
990 633 1703 694 omnia eadem nobiscum ad finem. hoc Sim-
990 694 1705 740 bolo cum multa additione stante ad sim-
994 746 1701 801 bolum Nicenum videamus iterum decretum
988 809 1701 845 Ephesine Sinodi tricentorum patrum in
990 851 1703 903 qua damnata heresi Nestorii determi-
988 909 1709 939 natum est. que nullus aliam fidem exponeret vel
1000 960 1703 1006 doceret. quam illam que scripta est a sanctis pa
984 1006 1703 1050 tribus Tricentis. xvi. congregatis in Ni-
984 1066 1711 1115 cena Sinodo. et hoc fecerunt ideo. quia
996 1115 1711 1157 Nestorius hereticus in Simbolo quod
994 1161 1711 1224 fecerat. multa posuit contra ea. que deter
988 1228 1711 1270 minata erant in Simbolo Niceno. de-
985 1284 1706 1329 creti igitur Ephesini tenor sequitur decrevit
973 1333 1696 1371 sancta Sinodus. scilicet concilii tercii,
987 1376 1698 1427 sed primi Ephesini. nulli licere aliam fidem
960 1430 1686 1479 proferre eos vero qui presumpserant aut
983 1497 1695 1549 componere aliam. scilicet proponere vel pro-
965 1553 1695 1589 ferre aliam fidem quam Nicenam si episcopi sunt alie-
969 1593 1689 1643 nentur a suis episcopatibus. si clerici a clero
978 1645 1687 1692 sint alieni si monachi vel layci sint excom-
980 1697 1678 1762 municati. ex hoc decreto faciunt occa-
955 1775 1680 1795 sionem greci. contra latinos ex eius mala in
982 1806 1706 1858 terpretatione et intelligentia non recta ver
974 1858 1706 1898 borum eius. dicentes eos contra decretum
974 1910 1680 1959 agere et excommunicatos esse ac pro he-
967 1966 1686 1999 reticis reputandos. et ad Niceni concilii
976 2024 1706 2084 Simbolum addiderunt plura. Et non ad-
980 2084 1706 2107 vertunt primo que apostolus ait ad Gala. 4.
989 2125 1686 2181 Misit dominus spiritum filii. et Ioannis. xvi.
974 2192 1686 2224 dicitur spiritum veritatis. i. filij. unde quia non est
