2081 2783
691 175 1589 284 Tractatus Secundus
455 331 1204 375 p Nam quos alicui graciose conce
455 380 1196 436 ditur trahi facile non debet ab aliis in
442 439 1202 490 exemplum ut dicit regula iuris septima. Et iterum
452 490 1199 546 in argumentum trahi non poterunt que aliquando
445 549 1222 587 propter necessitatem sunt concessa. Nam quomodo
460 598 1186 654 sine periculo fieri poterit animarum sacra
460 654 1207 698 mentorum usus et eorum administratio
445 703 1209 752 eis permissa aut dissimulata seu tolerata
452 765 1207 808 post eorum etiam reditum ad unionem. qui veris
455 824 1194 870 legittimisque ministris sacramentorum
455 870 1194 913 carent. Et nec ordinem. nec cum eo cara-
452 921 1202 972 cterem sacerdotalem unquam percipiunt Nam
455 972 1202 1026 cum a grecis veris dissideant. ab eisque vi-
452 1026 1209 1085 tentur et excommunicentur. hoc excepto que
450 1083 1207 1126 ad patrationem alicuius scelerum et impie
450 1139 1191 1183 tatis unirentur et concorporarentur et pre
455 1190 1194 1231 cipue ad impugnandam ecclesiam quomodo
450 1239 1199 1296 ergo ab eis sacramenta suscepturi sunt.
452 1306 1202 1352 Cum etiam patriarcha grecorum Rome
442 1360 1202 1398 resideat sub obedientia pape verum quidem
455 1408 1204 1444 communi fama vulgatur Iudeum quendam ab impa
465 1455 1194 1503 ratore Thurcorum mercatu obtinuisse
442 1526 1199 1557 ut in sedem patriarchalem illic et in aliis ec-
468 1570 1204 1619 clesiis. si que supersunt. pontifices sur-
452 1624 1214 1668 roget. cum demum autoritas gerendi ponti-
465 1670 1207 1711 ficii et consecrationis munus ab Iudeo
467 1733 1195 1775 ne perfido an ab imparatore Thurcorum
463 1775 1190 1831 machometico veniat. sana mente diiu-
453 1843 1193 1883 dice ut Si vero id autoritatis consecrandi
463 1894 1195 1948 et instituendi quibuspiam suis pontificibus
453 1953 1195 1985 extra ecclesiam Romanam attribuant. cum
451 1995 1197 2048 tamen eadem erit questio de eisdem. Unde dictam
451 2057 1197 2088 auctoritatem nacti consecutique fuerit erit
446 2099 1190 2155 demonstratio circularis. Sic itaque mi-
449 2160 1214 2207 seri ac stulti pontifices suos simoniaca
456 2207 1204 2256 et erronea pravitate suscipiunt non con-
1244 343 1973 381 siderantes que nemo plus iuris transferre
1246 381 1982 434 potest in alium quam sibi competere dinosca
1256 434 1988 496 tur. ut dicit regula Iuris. unde cum da
1250 496 1988 545 tores officiorum nullum ius habeant simi
1242 551 1979 593 liter hii qui consecrationum munera con-
1235 593 1990 657 ferunt. videant igitur qualia pontificia. qua
1235 657 1992 712 liave sacerdocia habeant. Quo circa re
1233 710 2001 767 vera dignum est. ut unitatis ecclesie conten
1248 769 1986 810 toribus et hostibus blasphematoribus
1233 812 1990 854 que fidei orthodoxe ab latrone et questua-
1227 869 1992 905 rio perfido. latronum autoritas conferatur.
1244 926 1990 977 q Quo sit ut et benedictiones talium
1244 981 2016 1017 maledictiones sunt. et execrationes. eo
1246 1032 2005 1075 que caractere sacri ordinis omnino carent
1242 1087 1984 1138 dicit enim beatus Gregorius cuius au-
1229 1149 1984 1191 toritas scribitur prima questione prima
1223 1204 1984 1253 que benedictio illis in maledictionem conver
1240 1259 1988 1287 titur. que ad hoc ut fiat hereticus pro-
1240 1299 2007 1346 movetur sic promoventur. Ruteni ut per
1229 1346 2007 1388 tinaciter contra ecclesiam senciant. si eorum
1231 1403 1994 1456 usurpatio promocio dici meratur. Et
1229 1465 2002 1502 scribitur Malachie. 2. et. i. q. i. Maledicam
1243 1514 1993 1561 inquit deus. benedictionibus vestris
1237 1574 1991 1603 scilicet vos heretici atque scismatici. Cum
1243 1623 1991 1658 ergo teste beato Augustino ut habetur
1243 1666 2002 1718 ibidem. i. q. i. c. Extra catholicam Ecclesiam
1222 1720 1996 1775 non est locus sacrificii odit deus sacri-
1227 1781 1987 1819 fitia talia. ut dicit beatus Hieronimus
1222 1835 1987 1874 super Amos prophetam. et habetur. i. q. i.
1227 1880 1983 1934 et a se proiecit. et quotienscumque fuerint
1253 1938 1985 1975 congregati in nomine eius detestatur
1251 1995 1987 2047 fetorem eorum. Et ne in hac determinatione
1245 2051 1989 2090 singularis inveniar. relinquo sano. virorum
1239 2100 1983 2149 doctorum arbitramento ut diffiniant secum
1237 2150 1983 2197 deliberantes ex hiis suscipiant ne sacrum
1233 2199 1996 2258 ordinem cum autoritate et caractere et an
