2048 2732
764 147 1112 220 Folio. xxxij
168 285 924 333 debet esse separatio a thoro ne maius pe
153 340 923 393 riculum interveniat. et ex prima susce-
168 402 918 430 ptione fidei. subiaceret censure Ecclesie.
175 441 899 494 et per illam prohiberi potest a cetu fide
175 508 915 542 lium. similiter et alii prohiberi debent a
171 550 908 604 communione eius tamen deputanda non
177 614 919 653 est iudicio seculari. Probatur etiam tale
181 658 914 709 coniugium esse damnabile et periculosum
177 723 915 747 Exemplo similitudinis quod tametsi a non
173 760 912 817 nullis Errorem homini coniungii dissimu
173 828 919 857 lantibus videbitur ad rem propositam
175 869 925 904 minus pertinenter esse introductum dum-
180 916 910 967 modo tamen ad ritum vetitum oculos
186 977 919 1011 rationis intorserint interesse nil decernent
202 1023 916 1078 equo iudicio virtutis inter Idolatram
205 1087 922 1121 gentilium et sacrifitia Ruthenorum scribit
190 1127 876 1181 enim Iosephus antiquitatum libro. xviii. c.
191 1196 919 1230 ultimo Historia de duobus fratribus
197 1230 921 1285 Iudeis asineo et anileo qui ex privato
183 1299 919 1337 et humili genere ac ordine existentes col-
189 1337 918 1385 lecta Iuvenum sibi similium multitu-
193 1389 922 1433 dine certa fortuna adiuti dominia multa
197 1439 922 1502 occupaverunt et eis preerant dominatu
193 1506 927 1530 Tirannico dumque parthorum quendam
202 1548 921 1596 directorem invaderent qui ad gubernan
188 1607 922 1650 dum regionem illam missus fuerat quem
204 1656 920 1699 uxor propria femina nunc pulchritudi
191 1715 929 1747 nis sequebatur et in decoris miraculum
191 1755 929 1809 cuntis accederet interempto viro eius
188 1819 930 1860 gentilem illam mulierem captus amore
194 1873 919 1918 Anileus cepit in uxorem que non sine
193 1925 930 1959 magnis calamitatibus non tamen illorum
194 1964 929 2022 fratrum sed potius Gentis iudaice ma
202 2025 929 2073 nentis in Mesopotania et Babilone
212 2081 924 2117 fuerat in domum Anilei introducta. i
194 2124 929 2178 Nani cum interempto viro mulier deorum
958 288 1691 324 suorum simulacra sumptisset qui patrio
955 332 1687 379 more ab ipsa celebrantur cepit ea ritu pro
965 388 1703 423 phano gentili primum cla~ colere et venerari
960 425 1703 478 postea vero sumpta maiori audacia vi-
961 489 1687 529 dens adesse sibi libertatem faciendorum omnium cepit
966 534 1688 591 marito misero mr~are qui ritu cum priore ma
965 595 1688 643 rito idolis imolaret nullum tandem verita
961 646 1692 689 publica veneratione in Iudaico populo consi-
963 705 1696 750 stens idolis sacrificabat. quo nephario viso
960 751 1697 809 opere quidam ex maioribus dum anileo dicerent
960 818 1691 855 nequaquam licere in contumeliam ritus hebraici et legis
975 866 1701 911 divine contemptu eam mulierem accipere et fovere que
965 928 1709 955 contrario ritu aliam religionem habens interdicta sibi
959 960 1703 1005 sacrificia dicina lege dis exhiberet debere
959 1025 1717 1058 illum potius aiebant suis rebus bene consulere ne
969 1075 1716 1123 forte amore mulieris et voluptate corporis
969 1130 1713 1168 captus illa celebrari permitteret que se regnum
973 1176 1707 1225 que suum pessundarent verum non solum in nullo a-
965 1237 1710 1268 pud eum commonitionem suam perfecerant sed etiam
965 1275 1705 1330 cum qui fiducia maiorique zelo loquebatur indi-
965 1344 1703 1372 gnatus intermit. que moriens anileo cum fratre
969 1379 1705 1430 et omnibus que nullam iniuria passo tulerat auxi-
967 1440 1720 1477 lium et per legibus prnis proloqenti turpem et in-
967 1489 1716 1530 famen brevi imminentem interitum presagunt vidi
970 1539 1703 1590 cta iusta ob tam facimus ab hominabile subse-
967 1596 1721 1636 quante. Cuius mortem omnis quod gravitur ferenbant
967 1655 1723 1687 tollerabant tum et iam illorum potentia ad infelici
975 1689 1720 1752 tatem ducebatur Nihilominus cum iam publice
968 1760 1720 1795 personaret parthorum ritus et in legem patriam con
978 1801 1721 1848 tumeliose ageretur plurimi congregati fre~m
975 1852 1713 1905 eius asinen. tumultuosis increpationibus a-
978 1911 1717 1954 gressi urgebant ut a tłibus fre~m coherceret
975 1966 1721 2007 ne ultrix eos sił dei vindicta involueret ex-
976 2013 1721 2056 probrantes illicitas nuptias cum alienigena
973 2059 1726 2110 muliere confectas contra consuetudine legis ipsorum ad in
976 2112 1718 2175 iuriam omnipotentis dei. ille tamen diu fre~m arguere
1575 2187 1676 2229 f ij
