2048 2732
813 176 1116 237 Folio. xvi.
211 297 951 350 rannis direptis. usque Constantinopolim
214 361 943 402 cum paucis civitatibus possedit. Qui ni
222 405 943 449 hilominus factus obstinatior. et ut ad
197 451 937 495 versus Romanam ecclesiam grecos conci
192 506 932 553 taciores et pertinaciore efficeret Ioan-
184 567 910 614 nem vechum patriarcham Constantino-
178 616 945 680 politanum virum catholicum de sede turpiter
206 680 926 718 eiecit. et una cum aliis quos ad errorem
206 724 934 776 suum deflectere nequiverat coniectum in
208 781 937 814 carcerem fame necavit. Et Ioseph perfidum
200 823 937 878 ante depositum hereticum in sedem eius sub
208 886 929 930 stituit. quem ex eoque pertinacissime veritati
208 933 934 993 fidei ecclesie Romane resisteret. magnam
200 999 923 1023 calumniam fidei appellavit. finaliter tamen
203 1032 937 1087 per nepotem suum constrictus. et imperio
208 1092 926 1128 privatus in vitam miserabiliter finivit. du-
217 1139 929 1202 ravit. hec iterum divisio ad annum domini
175 1205 929 1241 Millesimum. cccc. xxxix. ad florentinum con-
200 1255 937 1299 cilium. et a tempore phocii scilicet ab anno oc
203 1315 918 1348 tingentesimo quinquagesimo octavo.
200 1345 926 1403 scisma hoc ad idem concilium stetit annis.
200 1414 926 1461 581. vel citra. quo tempore venit ad concilium
197 1461 934 1510 florentinum per Eugenium papam celebratum
206 1513 932 1554 Ioannes paleologus imperator gre-
199 1565 926 1611 corum. cum germano suo. et patriarcha Con
208 1632 911 1666 stantinoplitano Ioseph nomine et multo
196 1675 920 1721 clero ac proceribus. qui auditis deter-
208 1736 920 1776 minationibus luculentis ex variis scri
205 1779 939 1831 pturis et presertim doctorum eorum Ana-
196 1843 926 1867 stasii Basilii Cirilli maximi didimi Cri
196 1886 932 1947 sostomi que procedat spiritus sanctus
190 1956 932 1984 a patre et filio. adquieverunt et eandem
190 1990 923 2039 confessionem susceperunt cum ecclesia la
202 2048 911 2078 tina Et sic denuo fuit vnita ecclesia greca
199 2097 419 2146 ad latinam
992 301 1695 370 Duodecima et ultima di.
987 376 1698 417 Nam quamvis imparator cum suis domum
984 423 1706 484 redisset unitus ecclesie et eius dogma pro
990 484 1706 534 fessus cum inde paucis profectus accessit
987 537 1695 581 Nam et si ordinati fuerunt doctores et
987 584 1698 634 predicatores. qui hec populo differerent
987 651 1698 698 clerici eorum et presertim monachi a
981 715 1687 742 quibus populi informabantur in doctrina
984 753 1701 801 credendi et vivendi. pro maiori parte per
990 801 1701 851 tinaces existentes in errore et perfidia.
987 859 1704 901 aliud dogmatisabant et indurabant po
984 917 1698 951 pulum. Qua propter dominus deus malum hic am
984 965 1687 1003 plius non tollerans. et ecclesiam catholicam
978 1012 1687 1070 irrideri totiens non sinens. post annos qua
970 1076 1679 1115 tuordecim permisit in eos exterminium.
962 1120 1679 1162 c Ut capta Constantinopoli a Tur-
973 1176 1679 1220 cis miseri impio tiranno et inimico cru
976 1226 1684 1265 cis Christi curvaretn cervices suas qui
984 1273 1698 1331 christi vicario Romano pontifici sub
976 1342 1676 1373 esse noluerunt. Et qui christinis occi-
976 1387 1692 1440 dentalis ecclesie commisceri et convivere
967 1448 1681 1484 mutua unione fuerant dedignati. iuste
970 1495 1695 1548 commeruerunt. ut qui miserbilem mortem
987 1551 1698 1584 evaserunt cum iudeis et infidelibus in igno
981 1593 1701 1645 miniosa servitute uniti permaneant. qui
961 1654 1678 1694 Thurcus nunc ecclesias orientales omnes
953 1707 1678 1755 veraciter separavit. Sed proch dolor homines
956 1762 1688 1805 miserum tam horrendo exterminio fere imperter
968 1808 1688 1846 riti usque modo permanent in sua pertinaci obsti
968 1861 1683 1916 natione. d Maluntque calamitatem omnem per
971 1921 1686 1959 peti. quam ecclesiastice concorporari veritati. sapientia
971 1964 1671 2010 suorum maiorum prorsus vacuati non attendentes
961 2022 1678 2060 quantam eis reverentiam ecclesia catolica exhi-
971 2078 1678 2118 buerit et usque modo exhibet. itaque eorum sapientie
961 2118 1676 2174 dans honorem et Cultui iustitie ab
1532 2184 1666 2214 c ii
