2048 2732
787 215 1085 261 Folio. xxij.
206 320 934 368 eorum. ad ecclesiam quippe in humilitate
208 375 934 415 et docilitate. veniendum etiam si ea veni
204 415 927 464 rent ratione susciperenturque non persisterent
204 473 936 520 ex factis eorum quippe perpenditur non est
201 527 938 582 timor dei in oculis eorum cuius precepta
187 589 934 622 contemserunt. Et dicit beatus Grego-
190 627 924 678 rius nono Moralium qui deum mente
204 692 924 738 contemserunt multo magis humana.
197 740 927 792 ecclesie decreta ad iudicia spernunt atque
194 796 929 829 omne quod appetunt audacter facere
192 840 920 887 non erubescunt. et quos ad perpetrandum
204 896 917 934 malum occulta iniquitas inuitat nulla a-
199 945 922 1006 perta verecundia retardat, Neque scan-
197 1010 917 1045 dalum quodpiam. hac indificultatione et
192 1050 913 1103 cauta susceptione eventurum. curare con-
194 1106 913 1152 venit. quod utilius nasci permittitur quam
192 1150 920 1201 ea in re veritas relinquatur. ut dicit Re
178 1213 924 1252 gula iuris. presertim circa ius indispen
176 1257 927 1315 sabile. nam beatus hieronimus dicit
187 1315 927 1361 dicendum est propter scandalum. omne
185 1366 908 1413 quod mitti potest d Salva triplici ve-
194 1420 910 1452 ritate vite doctrine et iustitie. non enim
194 1461 915 1522 veritas dimittatur ut doceatur falsitas
197 1522 901 1571 aut non deseratur iustitia. ut iniustitia sit
189 1575 898 1642 licet nonnumquam dormire potest severitas
176 1650 902 1681 cum dolore tamen et gemitu dum peccati con-
176 1685 888 1732 tagium plurimos invaserit. ut non pu
192 1748 893 1782 niantur etiam meriti contingit enim que ob
192 1792 907 1840 populum multum crimen pertransit inultum
189 1851 905 1888 veritas tamen in his que sunt de necessi
185 1888 897 1935 tate salutis in quibus consistit vita spi-
194 1955 905 1987 ritualis propter scandalum dimittenda non
185 2001 895 2057 est. quia sic constitueret et peccatum mortale.
191 2066 893 2089 ut dicit Thomas. 2. 2. q. 43. ar. 7. unde
194 2115 893 2158 propter scandalum non solum mortale sed
176 2161 897 2211 nec veniale faciendum est peccatum. unde et pha-
981 328 1694 367 riseorum erat scandalum non tamen curabitur ut scri
968 376 1690 417 bitur Math. 13. et Marci. 6. et xi. q. 3. c.
977 422 1690 472 Inter verba nec mala facienda sunt ut inde
983 481 1692 522 bona aliqua in ecclesia proveniant. ut scribitur
975 536 1697 581 ad Ro. iii. et. xxx. q. i. nosse desideras. sicut
986 593 1696 636 temporibus beati Mathei factum legitur. nam
983 641 1683 688 Danieli dum rex petisset ab eo ut Ephi-
983 688 1685 748 geniam ad consensum prebendum regi
972 750 1687 804 in matrimonium aliceret et persuaderet
979 804 1687 848 promittens se cum suis omnibus fidem Christi
970 859 1696 903 suscepturum dummodo voto potiretur
977 907 1696 953 maluit apostolus supplicium mortis subire
968 959 1690 1016 ut in virginitatis proposito virginem
967 1017 1692 1057 conseruaret quam tale commodum in Ecclesia
967 1057 1685 1115 videret. Cuius exempli meminit Al. in
958 1124 1681 1162 quarto circa. dis. 28. ubi determinat de
959 1173 1642 1221 votis hactenus de secundo articulo. ter
968 1234 1677 1288 Tractatus Tertius de Sa
958 1300 1677 1371 cramentis an sint eorum Sa-
956 1373 1693 1444 cramenta vera et legittima
972 1448 1683 1512 et ab eis administrabilia.
964 1520 1665 1597 Et primo Capitulum primum
964 1619 1671 1642 de Sacramento baptismi
952 1662 1675 1716 in genere et eius administra-
968 1735 1675 1793 tione. Capitulum primum
1005 1856 1079 1910 b
1193 1821 1693 1856 e Aptismus que est sacramentum
1191 1878 1677 1916 primum et ianua omnium sacra-
1184 1920 1691 1953 mentorum per quam ingreditur in
1182 1973 1691 2019 ecclesiam militantem. ut dicitur de
960 2023 1685 2058 presbi. non bap. veniens per cuius susceptionem
946 2064 1689 2118 plena fit peccatorum remissio. ut dicitur de conse. dis.
950 2126 1687 2169 4. c. non ex quo. et. Augustinus. de nuptiis et con-
958 2173 1687 2227 cupiscentia in fine. fit etiam innovatio vite ab
