2081 2783
603 167 1597 242 Tractatus Secundus
395 302 1148 343 est appositus. sed idem ad heresim con-
391 343 1148 404 futandam Nestorii et phocii sequacis
387 417 1148 464 eius. determinatius explicitus. Talis
400 474 1146 521 igitur additio nullis seculis erat prohibita
395 527 1140 576 insuper per novam sepius revelationem do
391 582 1138 621 minus noster pro tempore opportuno
393 627 1142 677 Intellectum novum viris ecclesiasticis in-
387 677 1144 720 fundit in sacra scriptura. In qua multa
393 728 1148 781 continentur. que nondum sunt ad plenitu-
391 785 1138 828 dinem intellecta et restant revelanda x
389 832 1156 897 Iuxta illud Danielis. xii. Tu autem daniel
383 904 1158 951 sermonem claude. Et signa librum usque ad
402 957 1154 992 tempus statutum. et Ioannis. xvi. adhuc
393 1008 1148 1059 habeo multa vobis dicere sed non po
383 1071 1136 1110 testis portare modo. Cum autem venerit ille
381 1112 1142 1168 spiritus veritatis docebit vos omnem ve-
377 1172 1154 1215 ritatem. unde sicut Luce. xvi. scribitur que di-
381 1215 1152 1253 cente domino passionis misterium apostolis
387 1268 1154 1335 Ecce ascendimus. etc. Et ipsi nihil horum
399 1335 1155 1369 intellexerunt. quia verbum illud erat ab eis
408 1371 1156 1422 absconditum. Similiter et de semine et a-
395 1438 1155 1491 gro ac spicis parabola. non nisi solo domino
411 1504 1151 1527 revelante fuit ab eisdem intellecta Misso
397 1538 1151 1582 Daniele cuius spiritus in visione quatuor
397 1593 1167 1637 ventorum et quatuor bestiarum territus tam
395 1641 1158 1701 diu exhoruit donec ab assistente angelo
395 1707 1158 1751 misterium visionis cognovit eiusdem se-
415 1762 1156 1792 ptimo similiter et octavo Ioannes evan-
409 1810 1155 1853 gelista singulariter illuminatus a deo.
399 1858 1155 1915 plura sibi in Apocalipsi revelata non in-
415 1927 1160 1966 tellexit priusquam eorum intellectus sibi ape
408 1973 1147 2013 riretur a deo. et ideo plurimorum manife
415 2018 1149 2059 statione indiguit. ea non intelligens Nam
427 2073 1155 2110 dum vidisset mulierem sedere super bestiam
406 2125 1149 2176 ebriam de sanguine sanctorum. miratus est et stupuit
424 2185 1147 2235 donec veniens angelus dixit. dicam tibi
1180 307 1952 353 Sacramentum mulieris et bestie Apoca.
1190 378 1939 420 xvii. Sic visionem septem stellarum et septem
1182 426 1946 465 candelabrorum in manu angeli revelatione
1190 469 1933 511 intellexit et sic de aliis. Et secundum hoc. b.
1199 521 1950 564 Gregorius Omelia. xv. super Ezechielem
1194 576 1937 621 dicit. Nonnulla in sacra scriptura ita sunt
1192 633 1935 675 clausa ut dum non intellegimus. cogno-
1192 692 1929 736 scentes infirma nostre cecitatis ad hu-
1219 738 1937 791 militate magis. quam ad intelligentiam pro
1182 791 1919 839 ficiamus. Et beatus Augustinus ad vo-
1186 847 1946 898 lusianum scribens dicit. Scrutande sunt
1182 904 1937 941 divine scripture nec earum superficie de-
1182 947 1937 997 bemus esse contenti que in exercitationem
1186 1005 1939 1058 nostram ita modificate sunt ut altius se
1194 1072 1935 1113 penetrari velint. ut itaque huic responso
1190 1113 1937 1153 finem faciamus y Triplicem addi-
1188 1169 1950 1210 tionem legimus in scripturis velud. dicit
1194 1220 1950 1269 Bonaventura. unam qua additur con
1192 1279 1941 1321 trarium. aliam qua additur diversum. Et
1195 1333 1942 1365 etiam qua additur consonum a Prima
1189 1378 1947 1437 est hereticorum. ut dicere in divinis patrem
1189 1439 1938 1468 genitum vel filium ingenitum. aut spiritum sanctum.
1198 1495 1944 1536 nec a patre nec a filio vel a solo patre pro
1198 1550 1924 1584 cedere aut esse creaturam vel servum b.
1204 1599 1935 1645 Altera additio est presumptuosorum.
1207 1663 1949 1703 temeritatis. si quidem et presumptionis
1186 1714 1951 1760 est in veritatibus fidei et sacre scripture ali-
1189 1769 1955 1800 quid diversum dicere. ut si quis in divinis
1195 1813 1946 1857 diceret patrem geometram. filium aritmeticum
1193 1866 1956 1906 spiritum sanctum astronomum vel simile aliquid
1198 1919 1953 1963 Et licet sic dicendo non multum recederet
1193 1978 1935 2023 a veritate. cum eorum quilibet est omnipotens
1177 2030 1942 2073 et omnia sciens. tamen iste dicendi modus
1186 2086 1938 2127 diversus est a modo dicendi communi scri-
1198 2126 1944 2178 pture. Ideo homini locutiones presum-
1202 2190 1792 2238 ptioni ascribuntur et temeritati. c
