2081 2783
803 172 1487 234 Tractatus primus
431 301 1172 339 prave voluntatis electione. et ambitionis
442 353 1165 392 vicio separet odiens cum eadem unione
442 409 1172 455 ecclesiasticam caritatem. et capiti eius
438 458 1165 500 summo Romano pontifici obedientie
435 511 1186 559 debito subesse rennuens. quod caput
424 566 1151 605 blasphemat et anatematisat cui quidem
428 612 1175 664 capiti subesse .o. Thomas dicit esse
428 675 1175 724 de necessitate salutis libro de Grecorum
424 720 1172 773 erroribus et libro contra impugnantes
435 776 1168 835 religionem. Sed aliud caput et funda-
435 835 1161 884 mentum ecclesie querens quam illud sit
431 884 1161 926 quod a christo positum est et constitutum
449 933 1175 986 de quo habetur. dis. xxii. c. Sacro sancta
428 1000 1161 1042 vel saltem caput habere nullum volens
435 1042 1179 1104 peccat et agit merito et contra Speciei
442 1104 1179 1143 seu nature decus. et in personam spiritus
438 1143 1168 1192 sancti. Et idcirco nequeunt ad gratiam
438 1199 1168 1262 spiritus sancti promerendam et conse
438 1262 1161 1314 quendam dispositionem et aptitudinem
421 1318 1161 1363 aliquam habere Scismatici Rutheni
445 1373 1165 1419 qua igniti abs tante obstinationis per-
424 1419 1165 1482 tinacia mollescerent et ad ecclesie unitatem
424 1482 1172 1531 redirent fideliter. Sapientie primo
436 1543 1164 1583 Spiritus enim sanctus effugit semper fictum
432 1597 1186 1636 quia sanctitatem non operatur in ficto.
427 1638 1176 1683 licet in sacramentis operetur. velud Al
451 1690 1174 1731 bertus dicit. quas ob res non facile eis
434 1753 1167 1798 credendum est quotiens redituri et con
436 1798 1171 1843 corporaturi. sancte Romane ecclesie
434 1853 1174 1893 sub ritu suo postulant conservari. faciunt
427 1907 1177 1960 hoc nempe ut impetratione et obtentu
432 1968 1177 2005 tali in errore suo protinatiores firmiores-
430 2011 1177 2058 que sint et insultent magis catholicis ap
446 2064 1169 2112 probatione ab Ecclesia sui ritus Tam
443 2119 1169 2157 etsi plurimis veraciter testari possim.
440 2172 1159 2212 quos facilitas apostolice susceptionis
435 2228 1169 2271 obstinatiores reddiderat duos in medium
1225 303 1956 346 proferre Soltanus quidam nomine
1225 361 1956 406 Paulo secundo et Inasco germanus eius
1236 417 1961 462 ex Lithuania primores inter Rutenos
1219 480 1950 500 ambo a Sixto quarto Rome suscepti
1221 507 1954 571 et bullis patentibus in suapte ritu ma
1221 576 1956 618 nere permissi ad suos redeuntes pertina
1230 625 1963 681 ciores ecclesieque magis infensi. Et blas
1216 683 1959 721 phemi sunt reperti. Non ab re beatus
1219 723 1959 786 Ciprianus dixit. xxiiii. q. i. c. Alienus est
1219 782 1959 831 prophanus est hostis est habere non potest
1228 837 1952 875 deum patrem qui universalis Ecclesie
1216 884 1952 936 non tenet unitatem. Et idem ait. quomodo
1225 945 1952 996 autem potest ipse cum aliquo convenire
1221 1001 1950 1043 qui cum corpore ipsius ecclesie et cum
1223 1057 1950 1095 universa fraternitate non convenit. Cum ita-
1214 1101 1952 1139 que Ruteni non sunt de ecclesia catholica
1223 1162 1950 1204 et communione sanctorum ecclesie Sim
1216 1209 1950 1256 bolo contradicunt .p. Quam ecclesiam
1223 1271 1947 1316 Spiritus sanctus dirigit erudit conservat
1210 1336 1943 1363 sanctificat et ordinat. Cuius caput simul
1219 1376 1949 1415 est et magistra sancta Romana ecclesia
1221 1423 1943 1474 quam eternum verbum quo sunt omnia
1219 1488 1947 1518 condita fundavit et erexit supra firmam
1215 1531 1949 1573 fidei petram Math. xvi. illius eterne
1227 1581 1953 1628 vite clavigeri cui terreni simul et celestis
1215 1636 1955 1685 imperii iura concessit. ut Nicolaus papa
1221 1689 1949 1730 dicit. dis. xxii. c. omnes. Non igitur Si-
1231 1734 1951 1781 nodicis constitutis sed solius voce sal
1223 1791 1955 1858 vatoris cunctis est prelata ecclesiis teste
1225 1858 1953 1903 Pelagio papa. dis. xxi. c. quamvis. Sunt
1221 1903 1945 1955 ergo Ruteni in conciliabulo et sinagoga
1221 1955 1945 2000 Ecclesie contraria que Babilon dicitur
1219 2006 1941 2057 vt Beda super Matheum dicit. et. 24.
1219 2065 1939 2102 q. i. c. Didicimus scribitur nullam ha-
1221 2112 1949 2163 bente auctoritatem (inquantum talis)
1215 2169 1949 2203 nec ordinis nec Iurisditionis velud in
1215 2224 1943 2283 ferius tractabitur Eorum profecto con-
