<?xml version="1.0" encoding="UTF-8" standalone="yes"?>
<PcGts xmlns="http://schema.primaresearch.org/PAGE/gts/pagecontent/2013-07-15" xmlns:xsi="http://www.w3.org/2001/XMLSchema-instance" xsi:schemaLocation="http://schema.primaresearch.org/PAGE/gts/pagecontent/2013-07-15 http://schema.primaresearch.org/PAGE/gts/pagecontent/2013-07-15/pagecontent.xsd">
    <Metadata>
        <Creator>Transkribus</Creator>
        <Created>2022-02-02T01:49:40.451+01:00</Created>
        <LastChange>2022-12-19T17:12:41.580+01:00</LastChange>
        <TranskribusMetadata docId="-1" pageId="-1" pageNr="2"/>
    </Metadata>
    <Page imageFilename="SACR_Elucid_-022.tif" imageWidth="2048" imageHeight="2732">
        <ReadingOrder>
            <OrderedGroup id="ro_1671466361611" caption="Regions reading order">
                <RegionRefIndexed index="0" regionRef="region_1646321203049_263"/>
                <RegionRefIndexed index="1" regionRef="region_1646321209737_266"/>
                <RegionRefIndexed index="2" regionRef="region_1646321226825_273"/>
                <RegionRefIndexed index="3" regionRef="region_1646321242313_281"/>
                <RegionRefIndexed index="4" regionRef="region_1646321259649_290"/>
                <RegionRefIndexed index="5" regionRef="region_1646321263425_293"/>
            </OrderedGroup>
        </ReadingOrder>
        <TextRegion type="header" id="region_1646321203049_263" custom="readingOrder {index:0;} structure {type:header;}">
            <Coords points="784,141 1094,141 1094,234 784,234"/>
            <TextLine id="line_1646321396706_315" custom="readingOrder {index:0;}">
                <Coords points="818,149 1060,149 1060,217 818,217"/>
                <TextEquiv>
                    <Unicode>Folio. x.</Unicode>
                </TextEquiv>
            </TextLine>
            <TextEquiv>
                <Unicode>Folio. x.</Unicode>
            </TextEquiv>
        </TextRegion>
        <TextRegion type="paragraph" id="region_1646321209737_266" custom="readingOrder {index:1;} structure {type:paragraph;}">
            <Coords points="155,285 928,285 928,443 155,443"/>
            <TextLine id="line_1646321404929_319" custom="readingOrder {index:0;}">
                <Coords points="180,299 923,299 923,332 180,332"/>
                <TextEquiv>
                    <Unicode>xtus in. c. Cleros. xxi. dis. et in. c. Quotiens</Unicode>
                </TextEquiv>
            </TextLine>
            <TextLine id="line_1646321406969_322" custom="readingOrder {index:1;}">
                <Coords points="913,341 180,341 180,386 913,386"/>
                <TextEquiv>
                    <Unicode>de purga canonica et notatur in prohemio</Unicode>
                </TextEquiv>
            </TextLine>
            <TextLine id="line_1646321408817_325" custom="readingOrder {index:2;}">
                <Coords points="179,392 706,392 706,435 179,435"/>
                <TextEquiv>
                    <Unicode>sexti. Et tamen de hac materia</Unicode>
                </TextEquiv>
            </TextLine>
            <TextEquiv>
                <Unicode>xtus in. c. Cleros. xxi. dis. et in. c. Quotiens&#13;
de purga canonica et notatur in prohemio&#13;
sexti. Et tamen de hac materia</Unicode>
            </TextEquiv>
        </TextRegion>
        <TextRegion id="region_1646321226825_273" custom="readingOrder {index:2;} structure {type:[heading];}">
            <Coords points="168,451 945,451 945,872 168,872"/>
            <TextLine id="line_1646321414713_329" custom="readingOrder {index:0;}">
                <Coords points="190,458 924,458 924,509 190,509"/>
                <TextEquiv>
                    <Unicode>¶ Capitulum Tertium de</Unicode>
                </TextEquiv>
            </TextLine>
            <TextLine id="line_1646321416682_332" custom="readingOrder {index:1;}">
                <Coords points="924,528 184,528 184,592 924,592"/>
                <TextEquiv>
                    <Unicode>pertinatia Ruthenorum qui</Unicode>
                </TextEquiv>
            </TextLine>
            <TextLine id="line_1646321418601_335" custom="readingOrder {index:2;}">
                <Coords points="185,600 916,600 916,664 185,664"/>
                <TextEquiv>
                    <Unicode>nec in obedientia neque in iu</Unicode>
                </TextEquiv>
            </TextLine>
            <TextLine id="line_1646321420401_338" custom="readingOrder {index:3;}">
                <Coords points="910,682 184,682 184,733 910,733"/>
                <TextEquiv>
                    <Unicode>risditione petenda ab Eccle-</Unicode>
                </TextEquiv>
            </TextLine>
            <TextLine id="line_1646321423977_341" custom="readingOrder {index:4;}">
                <Coords points="184,751 869,751 869,803 184,803"/>
                <TextEquiv>
                    <Unicode>sia Grecos redeuntes vo-</Unicode>
                </TextEquiv>
            </TextLine>
            <TextLine id="line_1646321429969_344" custom="readingOrder {index:5;}">
                <Coords points="821,815 195,815 195,866 821,866"/>
                <TextEquiv>
                    <Unicode>luerunt unquam imitari.</Unicode>
                </TextEquiv>
            </TextLine>
            <TextEquiv>
                <Unicode>¶ Capitulum Tertium de&#13;
pertinatia Ruthenorum qui&#13;
nec in obedientia neque in iu&#13;
risditione petenda ab Eccle-&#13;
sia Grecos redeuntes vo-&#13;
luerunt unquam imitari.</Unicode>
            </TextEquiv>
        </TextRegion>
        <TextRegion type="paragraph" id="region_1646321242313_281" custom="readingOrder {index:3;} structure {type:paragraph;}">
            <Coords points="159,880 920,880 920,2147 159,2147"/>
            <TextLine id="line_1646321871000_348" custom="readingOrder {index:0;}">
                <Coords points="902,887 196,887 196,930 902,930"/>
                <TextEquiv>
                    <Unicode>¶ Et quia in grecorum atque Rutheno</Unicode>
                </TextEquiv>
            </TextLine>
            <TextLine id="line_1646321873384_351" custom="readingOrder {index:1;}">
                <Coords points="191,936 910,936 910,978 191,978"/>
                <TextEquiv>
                    <Unicode>rum scismate claruit semper et usquemodo</Unicode>
                </TextEquiv>
            </TextLine>
            <TextLine id="line_1646321875249_354" custom="readingOrder {index:2;}">
                <Coords points="904,985 180,985 180,1032 904,1032"/>
                <TextEquiv>
                    <Unicode>liquide cernitur inobedientie pertinatia</Unicode>
                </TextEquiv>
            </TextLine>
            <TextLine id="line_1646321878217_357" custom="readingOrder {index:3;}">
                <Coords points="191,1041 902,1041 902,1083 191,1083"/>
                <TextEquiv>
                    <Unicode>maior esse in Ruthenis quam in grecis</Unicode>
                </TextEquiv>
            </TextLine>
            <TextLine id="line_1646321880776_360" custom="readingOrder {index:4;}">
                <Coords points="897,1094 193,1094 193,1140 897,1140"/>
                <TextEquiv>
                    <Unicode>qui non solum animadvertere volunt</Unicode>
                </TextEquiv>
            </TextLine>
            <TextLine id="line_1646321882697_363" custom="readingOrder {index:5;}">
                <Coords points="194,1149 902,1149 902,1194 194,1194"/>
                <TextEquiv>
                    <Unicode>potestatem et Iurisditionem omnem.</Unicode>
                </TextEquiv>
            </TextLine>
            <TextLine id="line_1646321884449_366" custom="readingOrder {index:6;}">
                <Coords points="902,1201 194,1201 194,1249 902,1249"/>
                <TextEquiv>
                    <Unicode>non nisi ab ecclesie catholice auctoritate</Unicode>
                </TextEquiv>
            </TextLine>
            <TextLine id="line_1646321886553_369" custom="readingOrder {index:7;}">
                <Coords points="194,1254 892,1254 892,1300 194,1300"/>
                <TextEquiv>
                    <Unicode>manare. nec aliunde consequi eam op-</Unicode>
                </TextEquiv>
            </TextLine>
            <TextLine id="line_1646321888833_372" custom="readingOrder {index:8;}">
                <Coords points="897,1313 200,1313 200,1354 897,1354"/>
                <TextEquiv>
                    <Unicode>portere. quin potius imperium aucto-</Unicode>
                </TextEquiv>
            </TextLine>
            <TextLine id="line_1646321891072_375" custom="readingOrder {index:9;}">
                <Coords points="194,1367 908,1367 908,1409 194,1409"/>
                <TextEquiv>
                    <Unicode>ritatemque eius omnem nihili ducentes. a</Unicode>
                </TextEquiv>
            </TextLine>
            <TextLine id="line_1646321892785_378" custom="readingOrder {index:10;}">
                <Coords points="904,1424 187,1424 187,1460 904,1460"/>
                <TextEquiv>
                    <Unicode>tercia grecorum ab ecclesia sectione seu</Unicode>
                </TextEquiv>
            </TextLine>
            <TextLine id="line_1646321894977_381" custom="readingOrder {index:11;}">
                <Coords points="189,1469 906,1469 906,1513 189,1513"/>
                <TextEquiv>
                    <Unicode>ab Ephesma sinodo heretica divisi. cum</Unicode>
                </TextEquiv>
            </TextLine>
            <TextLine id="line_1646321901769_384" custom="readingOrder {index:12;}">
                <Coords points="908,1522 185,1522 185,1573 908,1573"/>
                <TextEquiv>
                    <Unicode>eis ab ecclesia. ubi Dioscorus Alexan-</Unicode>
                </TextEquiv>
            </TextLine>
            <TextLine id="line_1646321903569_387" custom="readingOrder {index:13;}">
                <Coords points="176,1576 912,1576 912,1620 176,1620"/>
                <TextEquiv>
                    <Unicode>drinus episcopus Leonem papam primum</Unicode>
                </TextEquiv>
            </TextLine>
            <TextLine id="line_1646321911609_390" custom="readingOrder {index:14;}">
                <Coords points="908,1629 187,1629 187,1675 908,1675"/>
                <TextEquiv>
                    <Unicode>contumeliosis verbis afficere Et excom-</Unicode>
                </TextEquiv>
            </TextLine>
            <TextLine id="line_1646321913688_393" custom="readingOrder {index:15;}">
                <Coords points="187,1677 899,1677 899,1722 187,1722"/>
                <TextEquiv>
                    <Unicode>municare primus temere ausus est post</Unicode>
                </TextEquiv>
            </TextLine>
            <TextLine id="line_1646321915569_396" custom="readingOrder {index:16;}">
                <Coords points="904,1728 185,1728 185,1784 904,1784"/>
                <TextEquiv>
                    <Unicode>in calicedonensi Catholico concilio dam-</Unicode>
                </TextEquiv>
            </TextLine>
            <TextLine id="line_1646321917665_399" custom="readingOrder {index:17;}">
                <Coords points="183,1786 906,1786 906,1831 183,1831"/>
                <TextEquiv>
                    <Unicode>natus. Nunquam deinceps uniri ecclesie</Unicode>
                </TextEquiv>
            </TextLine>
            <TextLine id="line_1646321920248_402" custom="readingOrder {index:18;}">
                <Coords points="902,1840 173,1840 173,1877 902,1877"/>
                <TextEquiv>
                    <Unicode>voluerunt. At vero Greci post eandem</Unicode>
                </TextEquiv>
            </TextLine>
            <TextLine id="line_1646321931537_405" custom="readingOrder {index:19;}">
                <Coords points="186,1891 910,1891 910,1935 186,1935"/>
                <TextEquiv>
                    <Unicode>divisionem tertiam redire novies pro-</Unicode>
                </TextEquiv>
            </TextLine>
            <TextLine id="line_1646321934200_408" custom="readingOrder {index:20;}">
                <Coords points="906,1941 188,1941 188,1978 906,1978"/>
                <TextEquiv>
                    <Unicode>hibentur. De quorum abicione et redi</Unicode>
                </TextEquiv>
            </TextLine>
            <TextLine id="line_1646321936041_411" custom="readingOrder {index:21;}">
                <Coords points="188,2000 916,2000 916,2030 188,2030"/>
                <TextEquiv>
                    <Unicode>tionibus presens quoque Capitulum in-</Unicode>
                </TextEquiv>
            </TextLine>
            <TextLine id="line_1646321938825_414" custom="readingOrder {index:22;}">
                <Coords points="918,2054 198,2054 198,2095 918,2095"/>
                <TextEquiv>
                    <Unicode>troducitur incidentaliter Grecos itaque</Unicode>
                </TextEquiv>
            </TextLine>
            <TextLine id="line_1646321941521_417" custom="readingOrder {index:23;}">
                <Coords points="192,2107 920,2107 920,2141 192,2141"/>
                <TextEquiv>
                    <Unicode>seu orientales ecclesias ab Romana seu</Unicode>
                </TextEquiv>
            </TextLine>
            <TextEquiv>
                <Unicode>¶ Et quia in grecorum atque Rutheno&#13;
rum scismate claruit semper et usquemodo&#13;
liquide cernitur inobedientie pertinatia&#13;
maior esse in Ruthenis quam in grecis&#13;
qui non solum animadvertere volunt&#13;
potestatem et Iurisditionem omnem.&#13;
non nisi ab ecclesie catholice auctoritate&#13;
manare. nec aliunde consequi eam op-&#13;
portere. quin potius imperium aucto-&#13;
ritatemque eius omnem nihili ducentes. a&#13;
tercia grecorum ab ecclesia sectione seu&#13;
ab Ephesma sinodo heretica divisi. cum&#13;
eis ab ecclesia. ubi Dioscorus Alexan-&#13;
drinus episcopus Leonem papam primum&#13;
contumeliosis verbis afficere Et excom-&#13;
municare primus temere ausus est post&#13;
in calicedonensi Catholico concilio dam-&#13;
natus. Nunquam deinceps uniri ecclesie&#13;
voluerunt. At vero Greci post eandem&#13;
divisionem tertiam redire novies pro-&#13;
hibentur. De quorum abicione et redi&#13;
tionibus presens quoque Capitulum in-&#13;
troducitur incidentaliter Grecos itaque&#13;
seu orientales ecclesias ab Romana seu</Unicode>
            </TextEquiv>
        </TextRegion>
        <TextRegion type="paragraph" id="region_1646321259649_290" custom="readingOrder {index:4;} structure {type:paragraph;}">
            <Coords points="950,285 1693,285 1693,2130 950,2130"/>
            <TextLine id="line_1646321980872_426" custom="readingOrder {index:0;}">
                <Coords points="964,289 1678,289 1678,329 964,329"/>
                <TextEquiv>
                    <Unicode>occidentali ecclesia omnium Ecclesiarum</Unicode>
                </TextEquiv>
            </TextLine>
            <TextLine id="line_1646321982985_429" custom="readingOrder {index:1;}">
                <Coords points="1676,342 953,342 953,383 1676,383"/>
                <TextEquiv>
                    <Unicode>matre et magistra. Cui singuli quique om</Unicode>
                </TextEquiv>
            </TextLine>
            <TextLine id="line_1646321985192_432" custom="readingOrder {index:2;}">
                <Coords points="957,386 1680,386 1680,427 957,427"/>
                <TextEquiv>
                    <Unicode>nium conditionum statuumque sub esse et o</Unicode>
                </TextEquiv>
            </TextLine>
            <TextLine id="line_1646321987264_435" custom="readingOrder {index:3;}">
                <Coords points="1676,441 962,441 962,489 1676,489"/>
                <TextEquiv>
                    <Unicode>bedire eamque sequi venerari ac in creden</Unicode>
                </TextEquiv>
            </TextLine>
            <TextLine id="line_1646321989105_438" custom="readingOrder {index:4;}">
                <Coords points="962,497 1676,497 1676,530 962,530"/>
                <TextEquiv>
                    <Unicode>dis audire tenentur velud supra mon-</Unicode>
                </TextEquiv>
            </TextLine>
            <TextLine id="line_1646321990801_441" custom="readingOrder {index:5;}">
                <Coords points="1672,548 955,548 955,601 1672,601"/>
                <TextEquiv>
                    <Unicode>stratum est. et habetur dis. xix. c. In me-</Unicode>
                </TextEquiv>
            </TextLine>
            <TextLine id="line_1646321993081_444" custom="readingOrder {index:6;}">
                <Coords points="955,601 1676,601 1676,647 955,647"/>
                <TextEquiv>
                    <Unicode>moriam. duodecies precidi legimus per</Unicode>
                </TextEquiv>
            </TextLine>
            <TextLine id="line_1646321994880_447" custom="readingOrder {index:7;}">
                <Coords points="1678,655 962,655 962,695 1678,695"/>
                <TextEquiv>
                    <Unicode>diversas hereses et scismata I Ipsam</Unicode>
                </TextEquiv>
            </TextLine>
            <TextLine id="line_1646321997953_450" custom="readingOrder {index:8;}">
                <Coords points="962,714 1680,714 1680,750 962,750"/>
                <TextEquiv>
                    <Unicode>tamen Romanam ecclesiam. semper in</Unicode>
                </TextEquiv>
            </TextLine>
            <TextLine id="line_1646322001585_453" custom="readingOrder {index:9;}">
                <Coords points="1674,754 955,754 955,793 1674,793"/>
                <TextEquiv>
                    <Unicode>una vera et solida fide Catholica persti-</Unicode>
                </TextEquiv>
            </TextLine>
            <TextLine id="line_1646322004297_456" custom="readingOrder {index:10;}">
                <Coords points="970,802 1685,802 1685,861 970,861"/>
                <TextEquiv>
                    <Unicode>tisse. perstituraquam ad seculi consumationem</Unicode>
                </TextEquiv>
            </TextLine>
            <TextLine id="line_1646322006089_459" custom="readingOrder {index:11;}">
                <Coords points="1683,861 946,861 946,914 1683,914"/>
                <TextEquiv>
                    <Unicode>Iuxta illud Luce. xxii. Ego rogavi pro te</Unicode>
                </TextEquiv>
            </TextLine>
            <TextLine id="line_1646322008857_462" custom="readingOrder {index:12;}">
                <Coords points="948,919 1676,919 1676,960 948,960"/>
                <TextEquiv>
                    <Unicode>ut non deficiat fides tua. secundum quod et</Unicode>
                </TextEquiv>
            </TextLine>
            <TextLine id="line_1646322010816_465" custom="readingOrder {index:13;}">
                <Coords points="1678,965 957,965 957,1010 1678,1010"/>
                <TextEquiv>
                    <Unicode>beatus Hieronimus ad damasum papam</Unicode>
                </TextEquiv>
            </TextLine>
            <TextLine id="line_1646322026481_468" custom="readingOrder {index:14;}">
                <Coords points="963,1032 1682,1032 1682,1072 963,1072"/>
                <TextEquiv>
                    <Unicode>dicit et habentur verba eius. xxiiii. que-</Unicode>
                </TextEquiv>
            </TextLine>
            <TextLine id="line_1646322028376_471" custom="readingOrder {index:15;}">
                <Coords points="1674,1082 968,1082 968,1123 1674,1123"/>
                <TextEquiv>
                    <Unicode>stione. i. c. hec est fides. Sacra Romana</Unicode>
                </TextEquiv>
            </TextLine>
            <TextLine id="line_1646322030585_474" custom="readingOrder {index:16;}">
                <Coords points="965,1133 1685,1133 1685,1181 965,1181"/>
                <TextEquiv>
                    <Unicode>ecclesia que semper immaculata perman</Unicode>
                </TextEquiv>
            </TextLine>
            <TextLine id="line_1646322032424_477" custom="readingOrder {index:17;}">
                <Coords points="1677,1189 957,1189 957,1231 1677,1231"/>
                <TextEquiv>
                    <Unicode>sit domino providente et beato Petro</Unicode>
                </TextEquiv>
            </TextLine>
            <TextLine id="line_1646322034752_480" custom="readingOrder {index:18;}">
                <Coords points="953,1243 1667,1243 1667,1280 953,1280"/>
                <TextEquiv>
                    <Unicode>apostolo opem ferente in futuro perma-</Unicode>
                </TextEquiv>
            </TextLine>
            <TextLine id="line_1646322036480_483" custom="readingOrder {index:19;}">
                <Coords points="1669,1293 953,1293 953,1333 1669,1333"/>
                <TextEquiv>
                    <Unicode>nebit sine ulla hereticorum insultatione</Unicode>
                </TextEquiv>
            </TextLine>
            <TextLine id="line_1646322039425_486" custom="readingOrder {index:20;}">
                <Coords points="957,1348 1677,1348 1677,1387 957,1387"/>
                <TextEquiv>
                    <Unicode>scilicet prevaltente atque firma et immo-</Unicode>
                </TextEquiv>
            </TextLine>
            <TextLine id="line_1646322042552_489" custom="readingOrder {index:21;}">
                <Coords points="1679,1392 958,1392 958,1447 1679,1447"/>
                <TextEquiv>
                    <Unicode>bilis omni tempore persistet. unde hui</Unicode>
                </TextEquiv>
            </TextLine>
            <TextLine id="line_1646322044489_492" custom="readingOrder {index:22;}">
                <Coords points="965,1450 1689,1450 1689,1502 965,1502"/>
                <TextEquiv>
                    <Unicode>usmodi precisiones eorum. post translatam</Unicode>
                </TextEquiv>
            </TextLine>
            <TextLine id="line_1646322046152_495" custom="readingOrder {index:23;}">
                <Coords points="1682,1505 955,1505 955,1549 1682,1549"/>
                <TextEquiv>
                    <Unicode>imperii sedem ab urbe Romana in Con-</Unicode>
                </TextEquiv>
            </TextLine>
            <TextLine id="line_1646322049337_498" custom="readingOrder {index:24;}">
                <Coords points="960,1565 1680,1565 1680,1602 960,1602"/>
                <TextEquiv>
                    <Unicode>stantinopolim per Constantinum impera</Unicode>
                </TextEquiv>
            </TextLine>
            <TextLine id="line_1646322050977_501" custom="readingOrder {index:25;}">
                <Coords points="1685,1604 963,1604 963,1654 1685,1654"/>
                <TextEquiv>
                    <Unicode>torem secutas legimus ad illam ultimam</Unicode>
                </TextEquiv>
            </TextLine>
            <TextLine id="line_1646322053616_504" custom="readingOrder {index:26;}">
                <Coords points="963,1672 1679,1672 1679,1701 963,1701"/>
                <TextEquiv>
                    <Unicode>in qua nunc obstinati persistunt. qui post</Unicode>
                </TextEquiv>
            </TextLine>
            <TextLine id="line_1646322056136_507" custom="readingOrder {index:27;}">
                <Coords points="1682,1708 968,1708 968,1759 1682,1759"/>
                <TextEquiv>
                    <Unicode>florentinum concilium accessit. Quibus redeun</Unicode>
                </TextEquiv>
            </TextLine>
            <TextLine id="line_1646322058297_510" custom="readingOrder {index:28;}">
                <Coords points="955,1773 1680,1773 1680,1815 955,1815"/>
                <TextEquiv>
                    <Unicode>tibus tamen munus susceptionis ab ecclesia gra</Unicode>
                </TextEquiv>
            </TextLine>
            <TextLine id="line_1646322060233_513" custom="readingOrder {index:29;}">
                <Coords points="1680,1823 953,1823 953,1868 1680,1868"/>
                <TextEquiv>
                    <Unicode>ciose impendebatur super. ut habetur dis. xxii. c. sa-</Unicode>
                </TextEquiv>
            </TextLine>
            <TextLine id="line_1646322069529_516" custom="readingOrder {index:30;}">
                <Coords points="958,1874 1692,1874 1692,1921 958,1921"/>
                <TextEquiv>
                    <Unicode>cro sanctam. Que quidem orientales ecclesie princi-</Unicode>
                </TextEquiv>
            </TextLine>
            <TextLine id="line_1646322071664_519" custom="readingOrder {index:31;}">
                <Coords points="1682,1934 958,1934 958,1980 1682,1980"/>
                <TextEquiv>
                    <Unicode>pales et patriarchales fuerant quatuor Constan</Unicode>
                </TextEquiv>
            </TextLine>
            <TextLine id="line_1646322074312_522" custom="readingOrder {index:32;}">
                <Coords points="956,1997 1701,1997 1701,2027 956,2027"/>
                <TextEquiv>
                    <Unicode>tinopolitana Alexandrina antiocena et</Unicode>
                </TextEquiv>
            </TextLine>
            <TextLine id="line_1646322077361_525" custom="readingOrder {index:33;}">
                <Coords points="1684,2040 967,2040 967,2079 1684,2079"/>
                <TextEquiv>
                    <Unicode>Hierosolomitana. que iam divisim iam quinque</Unicode>
                </TextEquiv>
            </TextLine>
            <TextLine id="line_1646322079713_528" custom="readingOrder {index:34;}">
                <Coords points="964,2094 1681,2094 1681,2133 964,2133"/>
                <TextEquiv>
                    <Unicode>coniunctim sese. ab obedientia ecclesie Romane</Unicode>
                </TextEquiv>
            </TextLine>
            <TextEquiv>
                <Unicode>occidentali ecclesia omnium Ecclesiarum&#13;
matre et magistra. Cui singuli quique om&#13;
nium conditionum statuumque sub esse et o&#13;
bedire eamque sequi venerari ac in creden&#13;
dis audire tenentur velud supra mon-&#13;
stratum est. et habetur dis. xix. c. In me-&#13;
moriam. duodecies precidi legimus per&#13;
diversas hereses et scismata I Ipsam&#13;
tamen Romanam ecclesiam. semper in&#13;
una vera et solida fide Catholica persti-&#13;
tisse. perstituraquam ad seculi consumationem&#13;
Iuxta illud Luce. xxii. Ego rogavi pro te&#13;
ut non deficiat fides tua. secundum quod et&#13;
beatus Hieronimus ad damasum papam&#13;
dicit et habentur verba eius. xxiiii. que-&#13;
stione. i. c. hec est fides. Sacra Romana&#13;
ecclesia que semper immaculata perman&#13;
sit domino providente et beato Petro&#13;
apostolo opem ferente in futuro perma-&#13;
nebit sine ulla hereticorum insultatione&#13;
scilicet prevaltente atque firma et immo-&#13;
bilis omni tempore persistet. unde hui&#13;
usmodi precisiones eorum. post translatam&#13;
imperii sedem ab urbe Romana in Con-&#13;
stantinopolim per Constantinum impera&#13;
torem secutas legimus ad illam ultimam&#13;
in qua nunc obstinati persistunt. qui post&#13;
florentinum concilium accessit. Quibus redeun&#13;
tibus tamen munus susceptionis ab ecclesia gra&#13;
ciose impendebatur super. ut habetur dis. xxii. c. sa-&#13;
cro sanctam. Que quidem orientales ecclesie princi-&#13;
pales et patriarchales fuerant quatuor Constan&#13;
tinopolitana Alexandrina antiocena et&#13;
Hierosolomitana. que iam divisim iam quinque&#13;
coniunctim sese. ab obedientia ecclesie Romane</Unicode>
            </TextEquiv>
        </TextRegion>
        <TextRegion type="catch-word" id="region_1646321263425_293" custom="readingOrder {index:5;} structure {type:catch-word;}">
            <Coords points="1481,2134 1680,2134 1680,2193 1481,2193"/>
            <TextLine id="line_1646321949521_422" custom="readingOrder {index:0;}">
                <Coords points="1648,2172 1498,2172 1498,2137 1648,2137"/>
                <TextEquiv>
                    <Unicode>b iiii</Unicode>
                </TextEquiv>
            </TextLine>
            <TextEquiv>
                <Unicode>b iiii</Unicode>
            </TextEquiv>
        </TextRegion>
    </Page>
</PcGts>
