1796 2562
428 246 1696 337 Relativum enim solum supponit illis pro quibus propositio in qua po
431 357 1701 432 nitur suum antecedens verificatur. Secunda regula non oportet Relativum
441 456 1696 529 pro tot supponere sicut suum antecedens. patet hoc ex declaratione regule
448 545 1697 616 precedentis. Nam relativum solum supponit pro illis pro quibus propositio
437 631 1699 707 in qua ponitur suum antecedens verificatur. Sed antecedens sepe supponit pro
441 731 1696 804 pluribus aliis. ut in ista. asinus est animal. Iy animal supponit indifferenter
442 815 1697 895 et disiunctive. pro omnibus aliis animalibus sed solum pro rudibilibus veri
435 913 1743 992 ficatur. Tercia regula Relativum idemtitatis. si supponit. supponit precise
435 1006 1690 1080 pro illis pro quibus propositio in qua ponitur suum antecedens. verificatur. ita
431 1091 1692 1169 que vero pro pluribus. nec etiam pro paucioribus prima pars patet per primam
432 1182 1690 1259 regulam. secunda pars patet. quia intellectus semper accipit relativum pro illis pro
437 1271 1699 1359 quibus propositio in qua ponitur antecedens verificatur. ut hic omnis homo
434 1364 1697 1461 est albus. et ille est coloratus intellectus capit Iy pro hominibus albis.
440 1457 1692 1538 quia pro illis propositio in qua ponitur antecedens verificatur. et hec regula etiam
434 1547 1699 1633 patet ex alio. cum omnes dicunt. que relativum pro illis supponit. pro quibus pro-
417 1638 1690 1715 positio in qua ponitur suum anntecedens verificatur. que igitur esset ratio. quod pro
421 1730 1683 1801 uno et non pro alio. relativum supponeret. patet. quod nulla. Relinquitur igitur. que
421 1810 1690 1884 relativum pro omnibus supponit pro quibus propositio in qua suum ante-
420 1911 1693 1979 cedens ponitur verificatur. et non pro pluribus ex qua sequuntur aliqua co-
417 1999 1687 2069 rollaria: primum: Relativum quoque supponit antecedente suo non supponente
414 2088 1694 2199 patet in hac copulativa. antichristus non est et ille erit. nam Iy antichristus
