<?xml version='1.0' encoding='UTF-8'?>
<PcGts xmlns:xsi="http://www.w3.org/2001/XMLSchema-instance" xmlns="http://schema.primaresearch.org/PAGE/gts/pagecontent/2019-07-15" xsi:schemaLocation="http://schema.primaresearch.org/PAGE/gts/pagecontent/2019-07-15 http://schema.primaresearch.org/PAGE/gts/pagecontent/2019-07-15/pagecontent.xsd"><Metadata><Creator>prov=University of Rostock/Institute of Mathematics/CITlab|PLANET AI GmbH/Tobias Gruening/tobias.gruening@planet-ai.de:name=/net_tf/LA73_249_0mod360.pb:de.uros.citlab.segmentation.CITlab_LA_ML:v=2.6.7
Transkribus</Creator><Created>2022-03-28T11:45:10</Created><LastChange>2022-12-10T19:17:00</LastChange><Comments>
                Measurement unit: pixel
                PrimaryLanguage: 
                Producer: Transkribus
            </Comments></Metadata><Page imageFilename="GIELCZ-0026.jpg" imageHeight="2582" imageWidth="1847"><ReadingOrder><OrderedGroup caption="Regions reading order" id="ro_1670696220625"><RegionRefIndexed index="0" regionRef="TextRegion_1651840833785_1297"/></OrderedGroup></ReadingOrder><TextRegion custom="readingOrder {index:0;} structure {type:paragraph;}" id="TextRegion_1651840833785_1297" orientation="0.0" type="paragraph"><Coords points="450,285 1725,285 1725,2194 450,2194"/><TextLine custom="readingOrder {index:0;}" id="line_1651840856374_1308"><Coords points="454,335 453,344 667,352 668,352 713,342 737,352 739,352 740,352 741,352 763,342 921,350 922,350 924,350 951,342 983,352 984,352 985,352 987,352 1008,342 1402,342 1486,352 1488,354 1722,354 1723,339 1720,285 1379,289 1294,273 1293,273 1221,289 1182,279 1181,279 1179,279 1178,279 1155,286 1129,273 1128,273 1126,273 1125,273 1084,284 1059,273 1057,273 987,273 985,273 984,273 983,273 968,285 871,286 823,273 822,273 754,273 753,273 752,273 696,289 670,276 668,276 667,276 638,281 614,273 612,273 611,273 609,273 608,273 591,285 513,273 512,273 510,273 480,291 454,291 454,335"/><Baseline points="456,336 502,335 548,334 595,333 641,332 687,331 734,331 780,331 826,331 873,331 919,331 965,331 1012,331 1058,332 1104,332 1151,332 1197,333 1243,333 1290,333 1336,333 1383,333 1394,333 1419,334 1444,334 1470,335 1495,336 1521,337 1546,337 1572,339 1597,339 1623,340 1648,340 1674,341 1699,341 1725,340"/><TextEquiv><Unicode>nalis. Suppositio communis determinata materialis. est acceptio termini</Unicode></TextEquiv></TextLine><TextLine custom="readingOrder {index:1;}" id="r1l15"><Coords points="453,430 453,444 863,437 876,446 878,446 879,446 881,446 882,446 908,437 980,443 981,443 1096,436 1139,436 1155,446 1156,446 1158,446 1159,447 1413,447 1413,446 1415,446 1437,436 1482,436 1498,446 1499,446 1501,446 1502,447 1592,447 1592,446 1594,446 1610,438 1717,443 1720,427 1719,385 1647,372 1504,372 1502,372 1501,372 1456,385 1258,385 1232,372 1231,372 1191,372 1189,372 1188,372 1145,385 1056,385 977,374 975,374 928,384 905,374 904,374 902,374 901,374 872,384 829,374 828,374 773,385 631,374 630,374 628,374 599,385 572,378 571,378 569,378 452,387 453,430"/><Baseline points="454,431 517,428 580,426 644,424 707,423 770,422 834,421 897,421 960,421 1024,421 1087,421 1150,422 1214,423 1277,423 1340,424 1404,425 1467,426 1530,426 1594,427 1657,427 1721,428"/><TextEquiv><Unicode>in propositione. pro suo significato non ultimato. aut pro suis significa-</Unicode></TextEquiv></TextLine><TextLine custom="readingOrder {index:2;}" id="r1l19"><Coords points="457,517 457,525 485,533 486,533 487,535 688,535 688,533 690,533 718,526 733,533 734,533 736,533 737,533 757,523 799,523 843,533 845,533 927,522 1011,522 1041,532 1043,532 1044,532 1046,532 1067,522 1117,522 1133,532 1135,532 1136,532 1138,532 1139,532 1158,522 1173,532 1175,532 1176,532 1178,532 1179,532 1202,522 1252,532 1254,532 1255,532 1272,523 1334,530 1336,530 1337,530 1354,522 1383,530 1384,530 1386,530 1502,520 1522,527 1524,527 1525,527 1554,522 1607,530 1608,530 1610,530 1633,522 1694,530 1696,530 1697,530 1720,519 1720,513 1719,471 1640,457 1529,457 1528,457 1526,457 1525,457 1508,470 1475,461 1473,461 1472,461 1470,461 1448,470 1396,457 1394,457 1393,457 1392,457 1361,470 1343,459 1341,459 1340,459 1338,459 1275,461 1274,461 1254,473 1182,473 1166,461 1165,461 1163,461 1162,461 1161,461 1145,467 1120,459 1119,459 1117,459 1116,459 1087,473 1018,473 1001,460 1000,460 998,460 997,460 950,467 931,459 929,459 928,459 927,459 878,473 823,460 822,460 820,460 779,470 723,464 721,464 720,464 704,473 685,460 684,460 683,460 632,460 631,460 630,460 628,460 607,474 502,474 480,463 479,463 477,463 476,463 456,473 457,517"/><Baseline points="458,518 521,515 584,513 647,512 710,510 774,510 837,509 900,509 963,509 1026,509 1090,509 1153,510 1216,510 1279,511 1342,511 1406,512 1469,513 1532,513 1595,514 1658,514 1722,514"/><TextEquiv><Unicode>tis non ultimatis disiunctive. de quo vel de quibus talis terminus veri-</Unicode></TextEquiv></TextLine><TextLine custom="readingOrder {index:3;}" id="line_1651840817103_1260"><Coords points="453,615 454,613 449,608 436,595 447,609 453,615"/><Baseline points="449,610 450,609"/><TextEquiv><Unicode>ficatur mediante copula talis propositionis. ut amo est verbum. Iy amo</Unicode></TextEquiv></TextLine><TextLine custom="readingOrder {index:4;}" id="r1l25"><Coords points="453,700 453,718 533,717 535,717 536,717 548,708 586,712 588,712 589,712 617,704 655,714 657,714 658,714 660,714 711,700 783,700 795,707 796,707 797,707 799,707 800,707 823,700 855,714 856,714 858,714 859,714 888,700 914,700 934,712 935,712 937,712 938,712 940,712 941,712 961,698 1011,708 1013,708 1070,698 1115,711 1116,711 1117,711 1119,711 1171,698 1251,698 1270,707 1271,707 1272,707 1274,707 1298,700 1383,707 1384,707 1386,707 1407,701 1439,712 1440,712 1442,712 1443,712 1473,701 1554,711 1555,711 1623,702 1709,707 1710,692 1707,648 1627,648 1608,639 1607,639 1605,639 1604,639 1584,648 1489,641 1488,641 1407,649 1282,639 1281,639 1110,651 1094,641 1093,641 1092,641 1090,641 1041,648 984,641 983,641 981,641 950,651 881,642 879,642 878,642 843,652 800,642 717,642 716,642 667,644 665,644 647,654 609,644 608,644 607,644 605,644 581,654 477,645 476,645 475,645 452,652 453,700"/><Baseline points="454,701 516,698 579,695 642,693 705,691 768,689 831,688 894,688 957,687 1020,687 1083,687 1145,688 1208,688 1271,689 1334,690 1397,690 1460,691 1523,692 1586,693 1649,693 1712,694"/><TextEquiv><Unicode>supponit distributiue. pro quo suo significato non ultimato. quia sequitur amo</Unicode></TextEquiv></TextLine><TextLine custom="readingOrder {index:5;}" id="r1l26"><Coords points="452,787 452,797 744,803 746,803 825,796 908,803 909,803 911,803 932,796 1148,801 1149,801 1232,794 1244,801 1245,801 1247,801 1248,801 1249,801 1277,794 1512,794 1689,801 1690,784 1689,745 1637,737 1636,737 1542,744 1491,734 1489,734 1488,734 1486,734 1472,745 1440,745 1409,734 1407,734 1406,734 1404,734 1377,744 1363,734 1361,734 1360,734 1359,734 1255,744 1241,735 1239,735 1238,735 1176,734 1175,734 1173,734 1146,744 1064,735 1063,735 1061,735 1040,745 955,735 954,735 889,745 853,735 852,735 851,735 810,744 793,735 792,735 648,735 647,735 645,735 621,745 576,737 575,737 574,737 543,745 493,738 492,738 450,745 452,787"/><Baseline points="453,788 514,788 576,788 638,787 700,787 762,786 824,786 886,785 948,785 1010,784 1072,784 1133,784 1195,784 1257,783 1319,783 1381,783 1443,783 1505,784 1567,784 1629,785 1691,786"/><TextEquiv><Unicode>est verbum. igitur hoc amo est verbum vel hoc amo est verbum etceteriis.</Unicode></TextEquiv></TextLine><TextLine custom="readingOrder {index:6;}" id="r1l27"><Coords points="460,887 460,903 654,902 655,902 657,902 671,893 723,900 724,900 793,889 886,896 888,896 968,887 1130,887 1158,896 1159,896 1161,896 1162,896 1182,887 1222,893 1224,893 1272,886 1469,897 1470,897 1582,885 1623,895 1624,895 1719,896 1722,880 1720,837 1479,829 1478,829 1476,829 1475,829 1459,839 1359,839 1343,829 1341,829 1340,829 1338,829 1264,837 1222,830 1221,830 1219,830 1188,839 1169,829 1168,829 1166,829 1006,836 967,829 965,829 906,840 865,830 863,830 862,830 786,837 759,830 757,830 756,830 754,830 733,842 632,842 592,831 591,831 589,831 459,831 460,887"/><Baseline points="462,889 525,886 588,884 651,882 714,880 777,879 840,877 903,876 966,876 1029,876 1092,875 1155,875 1218,876 1281,876 1344,876 1407,877 1470,878 1533,879 1596,879 1659,881 1723,882"/><TextEquiv><Unicode>Nota que terminus dicitur stare disiunctive. quando contingit sub eo descen-</Unicode></TextEquiv></TextLine><TextLine custom="readingOrder {index:7;}" id="r1l28"><Coords points="456,973 456,988 581,981 637,989 638,989 640,989 667,982 780,989 782,989 783,989 810,981 882,989 884,989 885,989 904,979 951,989 952,989 954,989 955,989 970,979 1044,979 1074,989 1076,989 1077,989 1135,979 1258,979 1285,989 1287,989 1288,989 1290,989 1328,979 1416,979 1436,989 1437,989 1439,991 1524,991 1524,989 1525,989 1526,989 1541,981 1570,989 1571,989 1572,991 1722,991 1723,975 1722,930 1676,920 1674,920 1634,929 1607,919 1605,919 1562,919 1561,919 1559,919 1558,919 1542,930 1470,930 1449,919 1448,919 1446,919 1340,928 1318,919 1317,919 1316,919 1255,926 1245,919 1244,919 1242,919 1169,919 1168,919 1070,929 1051,919 1050,919 1049,919 941,929 917,919 915,919 914,919 912,919 873,929 806,922 805,922 803,922 776,929 764,920 763,920 762,920 760,920 759,920 739,929 690,919 688,919 687,919 645,929 456,922 456,973"/><Baseline points="457,975 520,974 583,973 647,972 710,971 773,970 837,969 900,968 963,967 1027,966 1090,966 1153,965 1217,965 1280,965 1343,965 1407,966 1470,967 1533,969 1597,971 1660,973 1724,976"/><TextEquiv><Unicode>dere ad sua singularia. per propositionem disiunctivam. Suppositio com</Unicode></TextEquiv></TextLine><TextLine custom="readingOrder {index:8;}" id="r1l31"><Coords points="460,1078 460,1090 796,1083 818,1091 819,1091 820,1091 822,1091 846,1080 1092,1080 1142,1090 1143,1090 1216,1080 1264,1090 1265,1090 1357,1080 1412,1088 1413,1090 1706,1090 1707,1072 1706,1031 1544,1031 1506,1021 1505,1021 1504,1021 1440,1029 1313,1022 1311,1022 1310,1022 1308,1022 1297,1031 1272,1022 1271,1022 1270,1022 1268,1022 1267,1022 1255,1031 1202,1022 1201,1022 1163,1029 1086,1024 1084,1024 1083,1024 1082,1024 1073,1031 1039,1024 1037,1024 1036,1024 1018,1032 1000,1024 998,1024 790,1024 789,1024 716,1031 678,1025 677,1025 675,1025 674,1025 661,1034 483,1028 482,1028 480,1028 459,1035 460,1078"/><Baseline points="462,1080 524,1078 586,1075 648,1074 711,1072 773,1071 835,1070 898,1069 960,1069 1022,1069 1085,1069 1147,1069 1209,1070 1271,1070 1334,1071 1396,1071 1458,1072 1521,1073 1583,1073 1645,1074 1708,1074"/><TextEquiv><Unicode>munis determinata personalis. est acceptio termini in propositione pro suo</Unicode></TextEquiv></TextLine><TextLine custom="readingOrder {index:9;}" id="r1l32"><Coords points="456,1174 456,1181 645,1187 647,1187 721,1177 929,1183 931,1183 1070,1176 1125,1184 1126,1184 1128,1184 1156,1176 1284,1181 1285,1181 1287,1181 1310,1174 1333,1183 1334,1183 1336,1184 1458,1184 1458,1183 1555,1173 1591,1181 1592,1181 1594,1181 1713,1180 1714,1167 1712,1123 1588,1123 1537,1114 1535,1114 1458,1126 1337,1126 1324,1115 1323,1115 1321,1115 1320,1115 1274,1124 1218,1115 1216,1115 1215,1115 1181,1127 1087,1127 1069,1117 1067,1117 1066,1117 911,1126 892,1118 891,1118 889,1118 454,1124 456,1174"/><Baseline points="457,1175 523,1172 589,1170 655,1168 722,1167 788,1166 854,1165 920,1164 987,1163 1053,1163 1119,1163 1185,1163 1252,1163 1318,1164 1384,1164 1450,1165 1517,1166 1583,1167 1649,1168 1716,1169"/><TextEquiv><Unicode>significato ultimo. vel suis significatis ultimatis disiunctive. de quo vel de quibus</Unicode></TextEquiv></TextLine><TextLine custom="readingOrder {index:10;}" id="r1l33"><Coords points="460,1272 460,1289 539,1279 634,1279 648,1288 650,1288 651,1288 652,1288 714,1275 978,1275 1018,1285 1020,1285 1021,1285 1082,1273 1135,1283 1136,1283 1138,1283 1171,1273 1219,1282 1221,1282 1293,1272 1321,1282 1323,1282 1324,1283 1493,1283 1493,1282 1495,1282 1528,1270 1562,1280 1564,1280 1565,1280 1704,1272 1706,1263 1704,1220 1625,1220 1608,1209 1607,1209 1605,1209 1604,1209 1522,1219 1502,1209 1501,1209 1499,1209 1498,1209 1466,1220 1403,1213 1402,1213 1300,1220 1268,1212 1267,1212 1265,1212 1264,1212 1262,1212 1247,1222 1176,1213 1175,1213 1076,1223 985,1213 984,1213 983,1213 950,1223 894,1213 892,1213 836,1220 757,1214 756,1214 754,1214 733,1223 687,1214 685,1214 684,1214 663,1225 599,1216 598,1216 543,1226 459,1217 460,1272"/><Baseline points="462,1273 524,1271 586,1269 648,1268 711,1267 773,1265 835,1264 897,1263 960,1263 1022,1262 1084,1262 1146,1261 1209,1261 1271,1261 1333,1261 1395,1261 1458,1262 1520,1262 1582,1262 1644,1263 1707,1264"/><TextEquiv><Unicode>talis terminus verificatur mediante copula talis propositionis. ut homo</Unicode></TextEquiv></TextLine><TextLine custom="readingOrder {index:11;}" id="r1l34"><Coords points="460,1367 460,1377 625,1378 627,1378 628,1378 652,1369 776,1377 777,1377 845,1367 902,1372 904,1372 1001,1365 1185,1365 1201,1372 1202,1372 1204,1372 1278,1364 1340,1372 1341,1372 1399,1362 1416,1371 1417,1371 1419,1371 1719,1365 1720,1356 1716,1303 1693,1313 1623,1313 1601,1303 1600,1303 1598,1303 1541,1312 1506,1305 1505,1305 1455,1313 1384,1308 1383,1308 1382,1308 1359,1315 1244,1306 1242,1306 1241,1306 1209,1315 1161,1308 1159,1308 961,1309 960,1309 931,1318 905,1309 904,1309 902,1309 901,1309 881,1318 805,1311 803,1311 802,1311 800,1311 786,1319 700,1311 698,1311 637,1321 459,1315 460,1367"/><Baseline points="462,1368 528,1365 594,1363 660,1361 727,1359 793,1358 859,1356 925,1355 992,1354 1058,1354 1124,1353 1190,1353 1257,1353 1323,1353 1389,1353 1455,1354 1522,1354 1588,1355 1654,1356 1721,1357"/><TextEquiv><Unicode>est currens. Suppositio confusa dividitur. quedam est confusa tamen. et quidam</Unicode></TextEquiv></TextLine><TextLine custom="readingOrder {index:12;}" id="r1l38"><Coords points="464,1460 464,1473 749,1463 782,1474 783,1474 785,1474 786,1474 832,1463 873,1474 875,1474 876,1474 878,1474 905,1461 1014,1468 1016,1468 1086,1460 1140,1470 1142,1470 1206,1463 1224,1471 1225,1471 1227,1473 1294,1473 1294,1471 1295,1471 1326,1461 1343,1470 1344,1470 1346,1471 1499,1471 1499,1470 1547,1460 1656,1468 1657,1468 1709,1458 1710,1451 1709,1405 1537,1398 1535,1398 1449,1407 1396,1395 1394,1395 1393,1395 1392,1395 1373,1407 1334,1397 1333,1397 1331,1397 1330,1397 1287,1408 1261,1397 1260,1397 1258,1397 1257,1397 1227,1407 1211,1397 1209,1397 1208,1397 1087,1397 1086,1397 1024,1410 962,1398 961,1398 960,1398 917,1410 816,1400 744,1400 743,1400 741,1400 708,1410 674,1400 673,1400 671,1400 586,1412 549,1404 548,1404 546,1404 463,1405 464,1460"/><Baseline points="466,1461 528,1458 590,1456 652,1453 715,1451 777,1449 839,1448 902,1446 964,1445 1026,1445 1089,1444 1151,1444 1213,1444 1275,1445 1338,1445 1400,1446 1462,1447 1525,1448 1587,1450 1649,1451 1712,1453"/><TextEquiv><Unicode>confusa distributiva. Suppositio confusa tamen. est acceptio termini propo-</Unicode></TextEquiv></TextLine><TextLine custom="readingOrder {index:13;}" id="r1l42"><Coords points="457,1554 457,1566 493,1573 495,1573 496,1573 533,1560 631,1582 632,1582 961,1580 1033,1573 1064,1579 1066,1579 1067,1579 1129,1556 1261,1556 1304,1570 1305,1570 1307,1570 1308,1570 1354,1556 1383,1564 1384,1564 1386,1564 1387,1564 1410,1556 1498,1556 1514,1563 1515,1563 1516,1563 1634,1556 1664,1564 1666,1564 1667,1564 1717,1556 1717,1547 1714,1488 1671,1490 1670,1490 1669,1490 1650,1501 1542,1493 1541,1493 1539,1493 1521,1503 1453,1503 1423,1494 1422,1494 1420,1494 1350,1503 1310,1491 1308,1491 1211,1491 1209,1491 1208,1491 1206,1491 1194,1503 1162,1493 1161,1493 1159,1493 1097,1504 1080,1497 1079,1497 1077,1497 987,1501 973,1493 971,1493 970,1493 968,1493 919,1503 876,1494 875,1494 873,1494 872,1494 856,1506 813,1494 812,1494 810,1494 698,1507 678,1498 677,1498 675,1498 520,1507 456,1498 457,1554"/><Baseline points="458,1555 521,1552 584,1550 647,1548 710,1546 773,1545 836,1544 899,1542 962,1542 1025,1542 1088,1541 1151,1541 1214,1542 1277,1542 1340,1542 1403,1543 1466,1544 1529,1545 1592,1546 1655,1547 1718,1548"/><TextEquiv><Unicode>sitione. pro aliquo vel pro aliquibus. de quo vel de quibus talis terminus veri</Unicode></TextEquiv></TextLine><TextLine custom="readingOrder {index:14;}" id="line_1651840817103_1262"><Coords points="449,1639 447,1653 667,1655 668,1655 670,1655 691,1648 757,1656 759,1656 760,1656 799,1646 901,1646 917,1658 918,1658 919,1658 965,1659 967,1659 1097,1649 1257,1649 1291,1662 1293,1662 1294,1662 1340,1653 1397,1662 1399,1662 1559,1653 1598,1663 1600,1663 1601,1663 1663,1656 1709,1663 1712,1652 1712,1595 1547,1590 1545,1590 1488,1600 1472,1590 1470,1590 1469,1590 1416,1590 1415,1590 1413,1590 1383,1602 1288,1602 1245,1587 1244,1587 1242,1587 1084,1597 1066,1586 1064,1586 1063,1586 1013,1586 1011,1586 902,1596 884,1589 882,1589 881,1589 823,1595 797,1583 796,1583 795,1583 793,1583 769,1595 642,1587 641,1587 449,1592 449,1639"/><Baseline points="450,1641 471,1642 549,1641 626,1641 704,1641 781,1640 859,1639 937,1639 1014,1638 1092,1638 1169,1638 1247,1638 1325,1639 1402,1641 1480,1643 1557,1645 1635,1649 1713,1653"/><TextEquiv><Unicode>ficatur mediante copula talis propositionis disiunctum. ut tamen animal est homo. Iy animal</Unicode></TextEquiv></TextLine><TextLine custom="readingOrder {index:15;}" id="line_1651840817103_1266"><Coords points="449,1725 447,1748 533,1751 535,1751 536,1751 574,1734 684,1735 696,1744 697,1744 698,1744 700,1744 763,1734 782,1745 783,1745 785,1745 786,1745 787,1745 789,1745 806,1735 905,1741 906,1741 957,1734 1000,1748 1001,1748 1003,1748 1004,1748 1049,1735 1123,1742 1125,1742 1249,1737 1324,1747 1326,1747 1327,1747 1351,1739 1386,1764 1387,1764 1389,1764 1663,1767 1664,1767 1666,1767 1710,1745 1712,1739 1710,1695 1621,1695 1598,1685 1597,1685 1595,1685 1468,1692 1406,1679 1404,1679 1318,1691 1281,1678 1280,1678 1278,1678 1171,1689 1043,1676 1041,1676 1040,1676 1021,1686 1000,1675 998,1675 942,1675 941,1675 940,1675 911,1686 891,1673 889,1673 888,1673 886,1673 885,1673 863,1682 627,1671 625,1671 624,1671 601,1682 584,1673 582,1673 581,1673 579,1673 578,1673 565,1684 503,1684 486,1669 485,1669 483,1669 482,1669 480,1669 449,1681 449,1725"/><Baseline points="450,1727 465,1728 543,1728 621,1728 699,1728 777,1728 855,1727 933,1726 1011,1726 1089,1726 1167,1726 1245,1726 1323,1727 1401,1729 1479,1731 1557,1733 1635,1737 1713,1741"/><TextEquiv><Unicode>supponit confuse tamen. Notandum que terminus dicitur stare disiunctim. quoniam sub eo</Unicode></TextEquiv></TextLine><TextLine custom="readingOrder {index:16;}" id="line_1651840817103_1270"><Coords points="449,1814 447,1828 480,1841 482,1841 483,1841 485,1841 486,1841 500,1831 559,1841 561,1841 562,1841 592,1830 637,1846 638,1846 640,1846 704,1834 750,1838 752,1838 753,1838 754,1838 772,1827 853,1827 894,1848 895,1848 975,1850 977,1851 1089,1851 1089,1850 1090,1850 1092,1850 1109,1838 1159,1840 1161,1840 1162,1840 1176,1833 1192,1843 1194,1843 1195,1843 1196,1843 1290,1828 1392,1838 1393,1838 1481,1830 1529,1838 1531,1838 1707,1837 1709,1824 1707,1781 1057,1781 912,1771 911,1771 861,1778 849,1771 848,1771 846,1771 845,1771 813,1777 752,1770 750,1770 618,1777 588,1768 586,1768 585,1768 584,1768 582,1768 571,1777 505,1777 449,1768 449,1814"/><Baseline points="450,1816 508,1817 579,1818 650,1818 720,1818 791,1819 862,1819 932,1819 1003,1819 1074,1819 1144,1819 1215,1819 1286,1819 1356,1820 1427,1820 1498,1821 1568,1822 1639,1823 1710,1825"/><TextEquiv><Unicode>contingit descendere ad sua supposita. per propositionem de disiuncto extremo. ut</Unicode></TextEquiv></TextLine><TextLine custom="readingOrder {index:17;}" id="r1l62"><Coords points="450,1907 449,1926 486,1933 487,1933 489,1933 523,1919 562,1935 564,1935 777,1936 779,1936 780,1936 812,1920 886,1927 888,1927 971,1917 1024,1922 1044,1935 1046,1935 1047,1935 1049,1935 1123,1919 1168,1932 1169,1932 1171,1932 1244,1920 1445,1929 1446,1929 1491,1922 1529,1935 1531,1935 1532,1935 1534,1935 1564,1926 1650,1926 1676,1940 1677,1940 1679,1940 1680,1940 1681,1940 1703,1930 1704,1917 1703,1876 1663,1876 1650,1866 1648,1866 1647,1866 1646,1866 1644,1866 1610,1874 1575,1866 1574,1866 1572,1866 1534,1873 1502,1864 1501,1864 1499,1864 1436,1873 1425,1864 1423,1864 1422,1864 1420,1864 1377,1866 1376,1866 1359,1873 1314,1863 1313,1863 1255,1871 1206,1863 1205,1863 1204,1863 1175,1871 1162,1861 1161,1861 1159,1861 1158,1861 1097,1869 1082,1861 1080,1861 1079,1861 1077,1861 1050,1870 924,1860 922,1860 848,1869 830,1860 829,1860 828,1860 826,1860 825,1860 812,1869 793,1859 792,1859 790,1859 727,1867 543,1860 542,1860 503,1866 493,1859 492,1859 490,1859 489,1859 450,1864 450,1907"/><Baseline points="452,1908 514,1908 577,1909 640,1909 702,1909 765,1910 828,1910 890,1910 953,1910 1016,1910 1079,1910 1141,1910 1204,1910 1267,1911 1329,1911 1392,1912 1455,1913 1517,1914 1580,1916 1643,1917 1706,1919"/><TextEquiv><Unicode>omnis hoc est animal. ergo omnis homo est hoc animal vel hoc animal. et sic de singulis. Sup</Unicode></TextEquiv></TextLine><TextLine custom="readingOrder {index:18;}" id="line_1651840817103_1274"><Coords points="449,1996 449,2015 555,2013 556,2013 586,2002 640,2005 657,2016 658,2016 660,2016 661,2016 663,2016 701,2003 740,2012 741,2012 882,2003 940,2018 941,2018 942,2018 944,2018 967,2008 1020,2016 1021,2016 1023,2016 1047,2008 1242,2008 1261,2021 1262,2021 1264,2021 1265,2022 1311,2022 1311,2021 1313,2021 1314,2021 1337,2006 1376,2016 1377,2016 1379,2016 1430,2006 1462,2022 1463,2022 1465,2024 1501,2024 1501,2022 1502,2022 1529,2009 1607,2022 1608,2022 1700,2011 1702,2003 1700,1962 1594,1962 1575,1952 1574,1952 1572,1952 1466,1959 1423,1950 1422,1950 1260,1959 1199,1949 1198,1949 1155,1958 1026,1949 1024,1949 960,1958 928,1947 927,1947 925,1947 884,1956 865,1947 863,1947 862,1947 805,1956 787,1947 786,1947 785,1947 721,1955 704,1946 703,1946 701,1946 625,1955 449,1953 449,1996"/><Baseline points="450,1998 507,1998 570,1997 633,1996 696,1996 759,1995 822,1995 885,1995 948,1995 1011,1995 1074,1995 1136,1995 1199,1996 1262,1996 1325,1997 1388,1998 1451,1999 1514,2000 1577,2001 1640,2003 1703,2005"/><TextEquiv><Unicode>positio confusa tamen dividitur. quedam est materialis. quedam personalis. Suppo-</Unicode></TextEquiv></TextLine><TextLine custom="readingOrder {index:19;}" id="r1l77"><Coords points="456,2085 456,2100 505,2098 551,2120 552,2120 894,2121 895,2121 896,2121 948,2095 993,2095 1024,2105 1026,2105 1027,2105 1028,2105 1054,2095 1237,2102 1238,2102 1291,2097 1359,2124 1360,2124 1361,2124 1404,2121 1406,2121 1407,2121 1445,2098 1481,2100 1501,2114 1502,2114 1504,2114 1505,2114 1506,2114 1532,2104 1554,2111 1555,2111 1557,2111 1558,2111 1559,2111 1577,2100 1610,2100 1640,2112 1641,2112 1643,2112 1644,2112 1664,2102 1704,2102 1706,2092 1706,2048 1657,2048 1634,2036 1633,2036 1631,2036 1630,2036 1595,2048 1459,2048 1419,2035 1417,2035 1416,2035 1313,2042 1301,2035 1300,2035 1298,2035 1201,2034 1199,2034 1198,2034 1169,2044 1073,2034 1072,2034 1070,2034 1034,2045 961,2045 942,2032 941,2032 940,2032 938,2032 937,2032 905,2042 886,2032 885,2032 802,2032 800,2032 754,2042 694,2031 693,2031 647,2041 591,2031 589,2031 588,2031 555,2041 456,2036 456,2085"/><Baseline points="457,2087 519,2085 582,2084 644,2083 707,2082 769,2081 832,2080 894,2080 957,2080 1019,2080 1082,2081 1144,2081 1207,2082 1269,2083 1332,2084 1394,2085 1457,2086 1519,2088 1582,2089 1644,2091 1707,2093"/><TextEquiv><Unicode>sitio confusa tamen materialis. est acceptio termini in propositione. pro aliquo</Unicode></TextEquiv></TextLine><TextLine custom="readingOrder {index:20;}" id="line_1651840817113_1276"><Coords points="449,2158 447,2207 485,2216 486,2216 487,2216 549,2200 640,2220 800,2223 802,2224 873,2224 873,2223 875,2223 905,2209 962,2224 964,2224 965,2224 967,2224 997,2209 1186,2210 1208,2226 1209,2226 1211,2226 1254,2230 1255,2230 1318,2216 1439,2227 1440,2227 1442,2227 1443,2227 1460,2217 1514,2217 1555,2236 1557,2236 1603,2237 1604,2239 1664,2239 1664,2237 1666,2237 1683,2227 1684,2181 1684,2137 1603,2128 1601,2128 1514,2135 1475,2128 1473,2128 1472,2128 1446,2137 1420,2125 1419,2125 1417,2125 1366,2133 1264,2122 1262,2122 1145,2127 1087,2120 1086,2120 1043,2128 1008,2118 1007,2118 1006,2118 955,2125 921,2117 919,2117 918,2117 875,2127 843,2117 842,2117 840,2117 793,2125 449,2115 449,2158"/><Baseline points="450,2160 483,2163 550,2166 617,2169 683,2170 750,2172 817,2172 884,2173 950,2173 1017,2172 1084,2172 1151,2172 1217,2171 1284,2172 1351,2172 1418,2173 1484,2174 1551,2176 1618,2179 1685,2183"/><TextEquiv><Unicode>significato non ultimato. vel pro aliquibus suis significatis non ultimatis disiunctim</Unicode></TextEquiv></TextLine><TextEquiv><Unicode>nalis. Suppositio communis determinata materialis. est acceptio termini
in propositione. pro suo significato non ultimato. aut pro suis significa-
tis non ultimatis disiunctive. de quo vel de quibus talis terminus veri-
ficatur mediante copula talis propositionis. ut amo est verbum. Iy amo
supponit distributiue. pro quo suo significato non ultimato. quia sequitur amo
est verbum. igitur hoc amo est verbum vel hoc amo est verbum etceteriis.
Nota que terminus dicitur stare disiunctive. quando contingit sub eo descen-
dere ad sua singularia. per propositionem disiunctivam. Suppositio com
munis determinata personalis. est acceptio termini in propositione pro suo
significato ultimo. vel suis significatis ultimatis disiunctive. de quo vel de quibus
talis terminus verificatur mediante copula talis propositionis. ut homo
est currens. Suppositio confusa dividitur. quedam est confusa tamen. et quidam
confusa distributiva. Suppositio confusa tamen. est acceptio termini propo-
sitione. pro aliquo vel pro aliquibus. de quo vel de quibus talis terminus veri
ficatur mediante copula talis propositionis disiunctum. ut tamen animal est homo. Iy animal
supponit confuse tamen. Notandum que terminus dicitur stare disiunctim. quoniam sub eo
contingit descendere ad sua supposita. per propositionem de disiuncto extremo. ut
omnis hoc est animal. ergo omnis homo est hoc animal vel hoc animal. et sic de singulis. Sup
positio confusa tamen dividitur. quedam est materialis. quedam personalis. Suppo-
sitio confusa tamen materialis. est acceptio termini in propositione. pro aliquo
significato non ultimato. vel pro aliquibus suis significatis non ultimatis disiunctim</Unicode></TextEquiv></TextRegion></Page></PcGts>