2625 3500
459 271 1976 516 Litera qua dominus Rex promittit eliberare de
487 485 1983 596 Caucione fidejussoria duōs infra scriptios erga d
506 560 1984 681 ominos ArchiEpiscopum et Episcopos pro auro et argento
496 665 2031 911 Kazimirus Dei gracia Rex Polonie Magnus dux Lithwanie Russie
521 863 2027 963 Prussieque dominus et heres etc Significamus tenore presencium quibus expe
508 905 2054 1027 dit universis recognoscentes Quomodo attendentes Regni nostri et Terrarum
524 977 2007 1086 dominorum nostrorum gravissimam et arduissam necessitatem et opportuni
527 1021 2010 1151 tatem ex gwararum stridore hostiumque nostrorum vastacione et desolacione
545 1092 2020 1212 pro tanto hujuste incomoda Invasiones et Vastaciones et pericula
547 1143 2039 1279 summovere Regnumque nostrum et domina ipsa ab emulorum inquietacione
549 1216 2046 1326 et Vastacione a qualiter turbacione non solum levare sed solvare volentes
561 1265 2039 1404 Magnificos et Generosos Johannem de Cyszow Castellanum et Ca
551 1331 2077 1473 pitaneum Johannem de Thanczyn Cracoviensem Stanislaum de Ostrorog
558 1385 2069 1506 Calisiensem Derslaum de Rithwyani Siradiensem Petrum de Oporow Lan
568 1447 2018 1561 ciciensem Nicolaum de Cosczylecz Junywladislaviensem pallatinus Pe
569 1487 2044 1624 trum de Schamothuli Poznaniensem Petrum Scora de Gay Callisiensem
563 1548 2081 1677 et Capt̄ Majores Polonie generalem Hynczam de Rogow Siradiensem
572 1608 2066 1732 et Regni Polonie vicethezaurarium Johannem de Crzankow Gn
573 1671 2054 1804 eznensem Creslaum de Curoswyanky Lublinensem Andream de Creth
578 1729 2028 1843 kow Brestensem Dobrogostium de Ostrorog Camenensem Castellanos
580 1784 2024 1899 Nicolaum Stanschewski Dapiferum Poznaniensem Nicolaum Jarende de
594 1838 2028 1958 Brudzewo Capitaneum Brzestensem Stanislaum Sbansky sincere nobis dile
594 1910 1997 2016 ctos in Caucionem fidejussoriam inducimus et Involvimus te
594 1951 2017 2066 noreque presencium inducimus et involvimus erga Reverendissimum et
592 2004 1996 2121 Reverendos in Christo patres dominos Johann̄em ArchiEpiscopum
579 2047 2051 2187 Eclesie Gneznensis et primatem Johannem Wladislawiensem
615 2092 2075 2261 et Regni Polonie Cancellarium et Andream Episcopum Poznaniensem
611 2182 2030 2294 ac eorum venerabilia Capitula sive Eclesias Gneznensem
608 2219 2060 2353 Wladislawiensem et Poznaniensem Abbates sive Monestaria eorum
572 2295 2093 2446 Collegia fratrumque mendicancium Conventus parrochialiumque Eclesiarum
611 2379 2007 2492 Rectores et eorum Eclesias in diocesibus Gneznensi Wladisla
601 2445 2051 2542 wiensi et Poznaniensi consistentibus pro summis Auri argenti sacrorum
589 2504 2039 2615 vasorum Clenodiorum Gemmarum lapidum preciosarum et pecuniarum
608 2576 2024 2687 per nos pro Regni nostri et dominiorum predictorum defensione Cap
600 2636 1971 2734 tivorumque liberacione a dictis dominis ArchiEpiscopus Gneznensensis
596 2706 2052 2807 Wladislawiensis et Poznaniensis Episcopis eorumque Capitulis Necnon
613 2772 2027 2869 monestariis Collegiis Coventibus Eclesiis prefatarum dioce
620 2838 2076 2934 sum manualiter et actualiter receptis et levatis quorum quidem
519 2901 2037 3003 Auri argenti Sacrorum vasorum Clenodiorum Gemmarum
