2597 3500
505 245 2038 605 Et lapidum Preciosorum et pecuniarum valor et pondus et
551 567 2053 673 quantitas ecclesiis in literis nostris et dictorum fidejussorum Memoratis dominis
517 635 2047 722 ArchiEpiscopus Gneznensis Wladislawiensis et Poznaniensis Episcopis eorundem
528 703 2051 776 Capitulis et Eclesiis Datis continetur quas hic habere Volumus pro
511 758 2050 840 Insertis Quos quidem superius Nominatos fidejussores et quemlibet Ex
552 812 2092 905 eis de hujuste Cancione fidejussoria liberare solvere et ex Brigare
537 871 2111 961 a festo sancti Bartholomei proxime preterito ad decursum quatuor
549 925 2098 1035 annorum se inmediate sequencium Promittimus spondemus ac obliga
543 983 2049 1091 mur tenorem per presentem Et quod absit in prefato termino pretactos fide
542 1049 2037 1146 jussores nostros de ipsa Caucione fidejussoria non liberaverimus aut
546 1119 2048 1210 quovismodo liberare non Curaveremus Extunc lapso prefato terminus
545 1183 2036 1257 liceat et licebit memoratis et superius descriptis dominis et cuib̄t
531 1237 2025 1335 conjunctim ex eis vel divisim in Zuppas nostras Wyelycznenses et
536 1290 1994 1386 Bochnenses in Terra Cracoviensi situatas se Auctoritate potestate et
539 1358 1995 1469 facultate nostris quam eisdem fidejussoribus nostris et cuilibet ex
539 1426 1974 1513 eis ex nuc pro tunc et extunc prout ex nuc damus conce
528 1492 2032 1598 dimus et impartimur perpresentes intromittendi et Introlligan
522 1555 2037 1636 di Omnes fructus proventus Census reddans Emolimenta
530 1612 2006 1711 sal minutum et Bancatum ac singulos et universas adven
539 1686 2035 1757 ciones ad nos in dictis Zuppis quomodolibet spectantibus de
529 1730 2020 1832 dictis Zuppis levandi tollendi percipiendi et recipiendi
540 1798 2005 1890 tamdiu quousque per Nos aut per semetipsos de ipsa cau
537 1859 2035 1960 cione fidejussoria pro summis Auri argenti Clenodiorum
530 1911 2018 2015 et Gemmarum ac lapidum preciosorum facta per Census
485 1983 2035 2074 Annuos Zupparum predictarum liberare fuerint et qualiter eorum
528 2046 2075 2144 fuerit liberatus integraliter et ex toto Quibus liberatis
528 2106 2117 2222 et exbrigatis possesio dictarum Zupparum ad nos devoluetur
527 2179 2005 2265 et revertetur pleno jure In cujus Rei Testimonium sigillum
504 2227 2060 2330 nostrum presentibus est Appensum Datum in Thoruni feria quinta
523 2292 2078 2404 post festum sancti Mathie Appostolli Anno Domini Millesimo
531 2355 1542 2480 quadringentesimo quinquagesimo quinto etc
