2916 3742
901 297 1788 434 Kazimirus Dei gracia rex Polonie
917 369 1850 479 ac magnus dux Lithwanie Russie etc.
311 331 2307 525 Venerabilibus venerabilibus et Religiosis religiosis fratribus Lodouico Lodovico de Erlichschausen magistro generali
345 479 2300 573 comendatoribusque et compreceptoribus ordinis domus Theutunicorum
323 513 2347 642 de Prussia wenerabiles Wenerabiles et religiosi potest non solum vobis sed et universis
322 581 2327 697 adiacentibus regionibus clarere quanta caritate et beniuolencia benivolencia vos et
320 657 2318 756 ordinem vestrum fouimus fovimus et prosecuti benignitate sumus ea nos intencione
335 704 2351 846 instigante que quod pacem et fedus illud perpetuum inter nostros et vestros antecessores
307 748 2398 908 firmatum simili conamine quantum in nobis fuit obseruare observare ac ad observandum observandum
297 832 2369 963 illud exemplo nostro vos inducere libenter voluissemus ad quod vos merito
325 888 2408 1042 allicere potuisset preteritarum rerum pericia et meditacio dolorosa quanta scilicet
336 963 2393 1106 bella strages et sangwinis effusiones usque dum ad eandem ordinatam
328 1018 2404 1189 perpetuam pacem perventum fuit inter regnum nostrum et vos precesserunt Quanta
330 1100 2374 1253 eciam pacis et tranquillitatis dulcedo et amenitas ex eo vobis subsecuta
324 1135 2426 1317 fuit ipsa operum nostrorum sinceritas fateatur Sed unde vos amicicie et caritatis
325 1233 2434 1406 exordia capescere credidimus inde inimicicias et liuoris livoris scimulos oriri nouimus novimus
330 1299 2343 1487 et sentimus multociens Multociens enim et pluries vobis scripsimus de subditorum no
303 1376 2357 1551 strorum angariis et querelis quibus se a vobis immaniter opprimi pluribus
335 1431 2337 1601 demonstracionibus deduxerunt signanter eciam pro eo quod mercatores regni
332 1559 2372 1727 nostri contra eandem perpetue pacis libertatem non grauaretis gravaretis sed permitteretis eos circa eam quam bene scitis ex eadem inscripcione libertatis firmitatem
259 1644 2330 1808 vos Vos autem ipsos nedum ab eadem libertate cohibuistis contra pacem perpetuam
298 1720 2333 1892 sed quod deterius est eciam dum ea libertate uti et cum vestris et
332 1803 2243 1919 extraneis mercatoribus mercari voluerunt iuxta juxta contenta pacis perpetue
311 1870 2348 1981 multas et notabiles pecunias ab eis extorsistis et extorqueri permisistis
330 1915 2383 2073 in magnam oppressionem et grauamen gravamen hominum nostrorum non obstantibus
320 1997 2350 2102 quibuslibet racionabilibus nostris peticionibus literalibus litteralibus et auisamentis avisamentis
320 2028 2379 2216 quod scilicet eandem pacem non violaretis Eciam de dacia Pfuntczol cum
318 2119 2398 2285 iuxta juxta eiusdem ejusdem perpetue pacis declaracionem eam non tollere debuistis
320 2188 2360 2364 quinimo quinymmo ipsam delere et deponere tenebamini tamen vos nowas
305 2261 2289 2405 et simulatas occasiones et subordinaciones ac conspiraciones ingeniosas
296 2320 2277 2519 fabricantes mutuo inter vos pacti estis quod utique ideo ne subditi nostri
312 2403 2384 2555 manus vestras subactorias evaderent sed esset vobis quod ipsos ad nutum
303 2458 2256 2650 vestrum grauaretis gravaretis et opprimeretis ut semper facere consweuistis conswevistis ipsam
308 2541 2283 2716 daciam Pfuntczol instituistis et recepistis usque Usque in hunc diem contra
309 2615 2318 2815 ipsam perpetuam pacem hominesque mercatores et subditos nostros quoscumque
314 2693 2293 2875 siue sive qui de Cuijawia Cuyawia vel aliunde super Wisla cum mercibus et rebus
292 2781 2364 2981 suis navigant impugnatis contumelia afficitis et impeditis et quibus
314 2851 2279 3028 cunque modis et excogitacionibus potestis torquetis prout non occultum sed
302 2933 2349 3121 satis memorie clarum et recens est admiracioneque dignum qod quod Innocentem innocentem
287 3007 2319 3154 hominem mercatorem nostrum Withche marzer  Marzer superioribus temporibus
304 3046 2431 3273 detinuistis et vita privastis ob hanc causam quia ascensum et descensum
