<?xml version="1.0" encoding="UTF-8" standalone="yes"?>
<PcGts xmlns="http://schema.primaresearch.org/PAGE/gts/pagecontent/2013-07-15" xmlns:xsi="http://www.w3.org/2001/XMLSchema-instance" xsi:schemaLocation="http://schema.primaresearch.org/PAGE/gts/pagecontent/2013-07-15 http://schema.primaresearch.org/PAGE/gts/pagecontent/2013-07-15/pagecontent.xsd">
    <Metadata>
        <Creator>prov=University of Rostock/Institute of Mathematics/CITlab|PLANET AI GmbH/Tobias Gruening/tobias.gruening@planet-ai.de:name=/net_tf/LA73_249_0mod360.pb:de.uros.citlab.segmentation.CITlab_LA_ML:v=2.6.7
Transkribus</Creator>
        <Created>2022-09-13T23:32:52.698+02:00</Created>
        <LastChange>2022-10-09T21:06:34.651+02:00</LastChange>
        <TranskribusMetadata docId="1175637" pageId="47898794" pageNr="2" tsid="97151492" status="IN_PROGRESS" userId="110794" imgUrl="https://files.transkribus.eu/Get?id=QSAKGXYBVRWWNXQPDPVKLIUK&amp;fileType=view" xmlUrl="https://files.transkribus.eu/Get?id=PLAYPRKGJQELQQSJBMZQAXPP" imageId="38664175"/>
    </Metadata>
    <Page imageFilename="PL_1_4_1-10_0120v.jpg" imageWidth="2916" imageHeight="3742">
        <ReadingOrder>
            <OrderedGroup id="ro_1666814038266" caption="Regions reading order">
                <RegionRefIndexed index="0" regionRef="r2"/>
            </OrderedGroup>
        </ReadingOrder>
        <TextRegion orientation="0.0" id="r2" custom="readingOrder {index:0;}">
            <Coords points="533,210 533,3270 2717,3272 2717,212"/>
            <TextLine id="r2l2" custom="readingOrder {index:0;} textStyle {offset:0; length:3;strikethrough:true; fontSize:0.0; kerning:0;} textStyle {offset:47; length:8;strikethrough:true; fontSize:0.0; kerning:0;} textStyle {offset:73; length:8;strikethrough:true; fontSize:0.0; kerning:0;}">
                <Coords points="572,322 684,321 777,359 884,319 983,321 1083,321 1183,322 1282,324 1382,325 1482,328 1582,330 1681,333 1781,335 1881,337 1938,347 2054,406 2180,345 2293,410 2379,349 2479,352 2579,354 2593,258 2482,270 2395,299 2291,249 2180,305 2098,276 1980,300 1885,279 1782,272 1683,252 1582,290 1482,288 1370,239 1295,269 1208,252 1083,281 983,281 884,279 826,253 666,267 569,256"/>
                <Baseline points="585,309 684,308 784,308 884,306 983,308 1083,308 1183,309 1282,311 1382,312 1482,315 1582,317 1681,320 1781,322 1881,324 1980,327 2080,330 2180,332 2279,335 2379,336 2479,339 2579,341"/>
                <TextEquiv>
                    <Unicode>Per per Wislam cum mercibus suis in navibus de Nesthowa Nyeschowa versus Cuiaviam Cuyaviam</Unicode>
                </TextEquiv>
            </TextLine>
            <TextLine id="r2l3" custom="readingOrder {index:1;} textStyle {offset:8; length:4;strikethrough:true; fontSize:0.0; kerning:0;} textStyle {offset:72; length:6;strikethrough:true; fontSize:0.0; kerning:0;}">
                <Coords points="567,419 666,413 749,388 811,436 884,386 909,432 1161,391 1272,403 1371,405 1459,372 1558,375 1670,388 1769,391 1868,395 1967,399 2066,403 2179,409 2238,459 2351,399 2462,417 2561,420 2557,369 2458,366 2361,356 2262,353 2165,367 2066,363 1973,341 1874,337 1766,328 1667,325 1575,326 1476,323 1375,326 1274,315 1173,329 1076,338 977,339 878,341 779,344 667,314 568,320"/>
                <Baseline points="581,381 680,375 779,371 878,368 977,366 1076,365 1175,365 1274,366 1373,368 1472,369 1571,372 1670,375 1769,378 1868,382 1967,386 2066,390 2165,394 2264,398 2363,401 2462,404 2561,407"/>
                <TextEquiv>
                    <Unicode>fecerat ipse spe perpetue pacis assecuratus Est ergo presumpcio quod ad maiora majora</Unicode>
                </TextEquiv>
            </TextLine>
            <TextLine id="r2l4" custom="readingOrder {index:2;}">
                <Coords points="573,469 655,487 764,453 881,454 981,451 1080,450 1138,498 1279,448 1378,448 1477,450 1605,470 1676,453 1775,456 1874,459 1974,462 2073,465 2129,508 2272,471 2371,475 2470,478 2570,481 2574,421 2456,411 2371,436 2260,417 2185,402 2073,426 1991,402 1874,420 1776,388 1676,399 1505,366 1465,402 1372,386 1273,386 1163,380 1080,411 977,399 877,402 774,399 675,403 581,431"/>
                <Baseline points="584,455 683,449 782,445 881,441 981,438 1080,437 1179,435 1279,435 1378,435 1477,437 1577,438 1676,440 1775,443 1874,446 1974,449 2073,452 2172,455 2272,458 2371,462 2470,465 2570,468"/>
                <TextEquiv>
                    <Unicode>aggredi auderetis si animis vostris fortuna arrideret sed Deo volente</Unicode>
                </TextEquiv>
            </TextLine>
            <TextLine id="r2l5" custom="readingOrder {index:3;}">
                <Coords points="583,527 696,536 795,530 894,525 993,521 1092,519 1191,517 1290,517 1405,551 1488,518 1587,518 1686,520 1785,523 1912,548 1983,527 2082,529 2181,531 2280,533 2379,535 2478,536 2577,536 2586,481 2478,494 2407,469 2299,468 2193,484 2094,482 1985,461 1886,458 1786,464 1640,454 1540,469 1489,457 1390,456 1272,437 1191,475 1117,464 974,459 894,483 791,464 696,476 583,485"/>
                <Baseline points="597,530 696,522 795,516 894,511 993,507 1092,505 1191,503 1290,503 1389,503 1488,504 1587,504 1686,506 1785,509 1884,510 1983,513 2082,515 2181,517 2280,519 2379,521 2478,522 2577,522"/>
                <TextEquiv>
                    <Unicode>etsi aliquando ad malum affuit voluntas defuit tamen facultas</Unicode>
                </TextEquiv>
            </TextLine>
            <TextLine id="r2l6" custom="readingOrder {index:4;} textStyle {offset:17; length:9;strikethrough:true; fontSize:0.0; kerning:0;} textStyle {offset:53; length:6;strikethrough:true; fontSize:0.0; kerning:0;}">
                <Coords points="591,616 660,609 760,602 859,597 959,593 1059,590 1158,588 1258,587 1276,632 1396,613 1493,620 1623,611 1756,593 1855,596 1955,599 2171,593 2195,629 2268,591 2380,593 2480,594 2569,609 2569,563 2454,528 2349,542 2250,540 2154,559 2055,556 1953,532 1853,529 1786,518 1686,516 1561,522 1461,520 1357,541 1239,517 1139,518 1059,544 959,547 900,519 801,524 660,555 591,562"/>
                <Baseline points="561,603 660,594 760,587 859,582 959,578 1059,575 1158,573 1258,572 1357,572 1457,573 1557,575 1656,576 1756,578 1855,581 1955,584 2055,587 2154,590 2254,591 2353,593 2453,594 2553,596"/>
                <TextEquiv>
                    <Unicode>nec quicquam ita occultuam occultam esse potest quod nostro non veniet in appertum Jam</Unicode>
                </TextEquiv>
            </TextLine>
            <TextLine id="r2l7" custom="readingOrder {index:5;} add {offset:54; length:8;}">
                <Coords points="566,680 695,672 800,668 905,665 1002,697 1116,660 1198,697 1326,659 1431,659 1505,684 1642,662 1747,662 1852,663 1957,665 2018,687 2159,684 2271,681 2376,681 2483,669 2600,667 2604,599 2487,601 2401,592 2186,587 2139,588 2059,595 1957,619 1870,595 1765,594 1640,596 1534,594 1431,603 1326,603 1227,595 1116,614 1010,606 905,609 800,599 684,610 555,618"/>
                <Baseline points="590,665 695,657 800,653 905,650 1010,647 1116,645 1221,644 1326,644 1431,644 1536,645 1642,647 1747,647 1852,648 1957,650 2062,651 2168,653 2273,654 2378,654 2483,654 2589,654"/>
                <TextEquiv>
                    <Unicode>enim didicimus per expressum quod non ob aliam causam magister Alamanie eidem</Unicode>
                </TextEquiv>
            </TextLine>
            <TextLine id="r2l9" custom="readingOrder {index:6;} textStyle {offset:48; length:4;strikethrough:true; fontSize:0.0; kerning:0;}">
                <Coords points="561,787 684,740 722,772 884,734 927,765 1085,729 1185,728 1285,728 1337,752 1422,755 1586,728 1686,728 1786,729 1886,729 2018,757 2119,758 2187,734 2287,735 2384,768 2532,766 2600,735 2600,676 2500,669 2387,691 2287,689 2186,664 2087,686 1960,662 1860,660 1792,655 1692,654 1586,682 1469,658 1369,660 1285,682 1185,682 1096,673 984,686 870,667 770,670 668,687 528,701"/>
                <Baseline points="584,729 684,725 784,722 884,719 984,717 1085,714 1185,713 1285,713 1385,713 1485,711 1586,713 1686,713 1786,714 1886,714 1986,716 2087,717 2187,719 2287,720 2387,722 2487,723 2588,725"/>
                <TextEquiv>
                    <Unicode>paci perpetue pariter et inscripcioni consensum non̄ non prestitit et sigilli sui</Unicode>
                </TextEquiv>
            </TextLine>
            <TextLine id="r2l10" custom="readingOrder {index:7;}">
                <Coords points="551,825 693,816 793,813 928,832 994,806 1094,804 1166,829 1295,800 1395,798 1496,798 1596,797 1696,831 1797,831 1852,830 1989,791 2051,832 2198,798 2298,800 2399,801 2499,804 2600,812 2636,724 2512,720 2423,720 2298,754 2198,752 2098,752 1997,751 1896,725 1793,744 1696,751 1631,715 1469,732 1395,752 1328,720 1195,744 1094,746 976,721 896,740 795,743 693,770 551,779"/>
                <Baseline points="593,804 693,801 793,798 894,795 994,791 1094,789 1195,787 1295,785 1395,783 1496,783 1596,782 1696,782 1797,782 1897,782 1997,782 2098,783 2198,783 2298,785 2399,786 2499,789 2600,791"/>
                <TextEquiv>
                    <Unicode>munimine ipsam neque roboravit vostra suggestione procurante licet ipsum</Unicode>
                </TextEquiv>
            </TextLine>
            <TextLine id="r2l11" custom="readingOrder {index:8;} textStyle {offset:21; length:6;strikethrough:true; fontSize:0.0; kerning:0;} textStyle {offset:78; length:8;strikethrough:true; fontSize:0.0; kerning:0;}">
                <Coords points="557,879 746,916 815,880 917,878 1019,877 1121,875 1223,874 1325,872 1427,871 1529,869 1631,868 1678,911 1835,866 1922,901 2039,866 2141,866 2266,898 2345,869 2429,891 2531,892 2668,877 2684,794 2573,809 2471,808 2376,801 2243,822 2141,820 2081,801 1959,802 1835,820 1721,799 1619,799 1529,812 1427,825 1301,816 1219,809 1110,814 995,819 900,814 818,807 702,807 557,833"/>
                <Baseline points="599,866 701,864 803,863 905,861 1007,860 1109,858 1211,857 1313,855 1415,854 1517,852 1619,851 1721,851 1823,849 1925,849 2027,849 2129,849 2231,851 2333,852 2435,854 2537,855 2639,858"/>
                <TextEquiv>
                    <Unicode>ad id faciendum toto vostro vestro conatu et diligencia ex certis compactatis iducerem inducere</Unicode>
                </TextEquiv>
            </TextLine>
            <TextLine id="r2l12" custom="readingOrder {index:9;}">
                <Coords points="549,954 699,942 797,947 896,945 998,939 1091,982 1197,938 1297,936 1374,924 1474,953 1559,954 1695,936 1765,968 1894,936 1980,960 2035,972 2193,938 2293,938 2392,939 2492,939 2600,978 2592,895 2492,893 2383,862 2284,861 2193,892 2110,853 2010,853 1894,890 1795,890 1695,890 1604,872 1504,872 1400,862 1301,862 1197,871 1098,871 1023,870 923,870 799,895 701,873 551,885"/>
                <Baseline points="600,929 699,927 799,926 898,924 998,924 1098,923 1197,923 1297,921 1396,921 1496,921 1596,921 1695,921 1795,921 1894,921 1994,921 2094,921 2193,923 2293,923 2392,924 2492,924 2592,926"/>
                <TextEquiv>
                    <Unicode>debuistis quod usque ad presens non potuit sortiri effectum tendentes in</Unicode>
                </TextEquiv>
            </TextLine>
            <TextLine id="r2l13" custom="readingOrder {index:10;}">
                <Coords points="545,1020 724,1003 761,1056 924,1000 1024,999 1169,1034 1223,996 1323,996 1376,1034 1523,994 1623,1004 1722,1004 1822,996 1893,1031 1974,1050 2122,997 2221,999 2321,1000 2421,1002 2507,1053 2621,1005 2621,957 2521,955 2421,954 2331,937 2231,936 2122,949 2022,948 1922,948 1822,948 1722,946 1623,946 1523,946 1381,917 1323,948 1223,948 1128,939 1028,941 924,930 824,932 720,945 541,962"/>
                <Baseline points="608,998 707,996 807,995 907,993 1007,992 1107,990 1206,989 1306,989 1406,989 1506,987 1606,987 1705,987 1805,989 1905,989 2005,989 2105,990 2204,992 2304,993 2404,995 2504,996 2604,998"/>
                <TextEquiv>
                    <Unicode>hunc finem ut ipse tamquam immunis et ab insripcione alienus capta</Unicode>
                </TextEquiv>
            </TextLine>
            <TextLine id="r2l14" custom="readingOrder {index:11;} textStyle {offset:65; length:5;strikethrough:true; fontSize:0.0; kerning:0;}">
                <Coords points="549,1082 617,1122 769,1085 842,1075 944,1073 1090,1113 1175,1082 1277,1080 1378,1080 1475,1106 1582,1079 1683,1079 1735,1123 1886,1079 1988,1077 2090,1077 2191,1077 2293,1077 2392,1119 2496,1077 2598,1077 2637,1001 2535,1001 2386,1011 2285,1011 2191,1011 2090,1011 1985,1014 1886,1033 1796,1014 1683,1033 1566,1002 1480,1034 1378,1034 1271,1010 1169,1012 1094,1018 996,1005 874,1025 764,1014 662,1015 549,1036"/>
                <Baseline points="566,1073 667,1071 769,1070 870,1070 972,1068 1074,1067 1175,1067 1277,1065 1378,1065 1480,1065 1582,1064 1683,1064 1785,1064 1886,1064 1988,1062 2090,1062 2191,1062 2293,1062 2394,1062 2496,1062 2598,1062"/>
                <TextEquiv>
                    <Unicode>opportuniatate vestroque adiutus auxilio et perswasione nobis et Regno regno nostro</Unicode>
                </TextEquiv>
            </TextLine>
            <TextLine id="r2l15" custom="readingOrder {index:12;} add {offset:13; length:5;}">
                <Coords points="563,1194 708,1167 808,1152 906,1152 1004,1152 1102,1152 1132,1190 1230,1190 1396,1152 1494,1152 1574,1202 1691,1152 1789,1152 1887,1152 1985,1152 2083,1152 2181,1152 2319,1192 2377,1152 2475,1152 2558,1183 2574,1103 2475,1103 2369,1081 2271,1081 2171,1071 2073,1071 1985,1103 1913,1087 1798,1075 1709,1104 1595,1087 1494,1103 1396,1103 1298,1093 1200,1093 1102,1103 1001,1062 903,1062 800,1068 652,1081 554,1081"/>
                <Baseline points="612,1134 710,1134 808,1136 906,1136 1004,1136 1102,1136 1200,1136 1298,1136 1396,1136 1494,1136 1593,1136 1691,1136 1789,1136 1887,1136 1985,1136 2083,1136 2181,1136 2279,1136 2377,1136 2475,1136 2574,1136"/>
                <TextEquiv>
                    <Unicode>quasi licite bella movere posset et in destruccionem dominiorum nostrorum</Unicode>
                </TextEquiv>
            </TextLine>
            <TextLine id="r2l16" custom="readingOrder {index:13;}">
                <Coords points="549,1229 668,1224 767,1222 866,1221 965,1219 1064,1218 1204,1271 1262,1215 1361,1215 1460,1213 1559,1213 1658,1213 1757,1213 1856,1213 1961,1273 2054,1215 2153,1215 2252,1216 2351,1219 2450,1221 2550,1224 2562,1170 2482,1153 2425,1135 2306,1146 2129,1139 2054,1185 1969,1153 1870,1153 1777,1149 1678,1149 1573,1167 1474,1167 1387,1163 1288,1163 1163,1164 1064,1166 963,1149 864,1151 767,1158 668,1160 549,1199"/>
                <Baseline points="569,1217 668,1214 767,1212 866,1211 965,1209 1064,1208 1163,1206 1262,1205 1361,1205 1460,1203 1559,1203 1658,1203 1757,1203 1856,1203 1955,1203 2054,1205 2153,1205 2252,1206 2351,1209 2450,1211 2550,1214"/>
                <TextEquiv>
                    <Unicode>tendere hoc eciam reservantes ut dum unio seu liga militum et</Unicode>
                </TextEquiv>
            </TextLine>
            <TextLine id="r2l18" custom="readingOrder {index:14;} textStyle {offset:14; length:14;strikethrough:true; fontSize:0.0; kerning:0;} add {offset:76; length:8;}">
                <Coords points="587,1294 719,1293 821,1291 923,1290 1023,1298 1125,1298 1229,1288 1331,1288 1433,1288 1535,1288 1581,1310 1739,1290 1841,1291 1943,1291 2007,1361 2053,1313 2249,1293 2351,1292 2399,1337 2556,1290 2554,1221 2451,1222 2351,1261 2320,1240 2335,1221 2060,1206 1907,1230 1805,1230 1685,1229 1583,1229 1535,1257 1512,1223 1410,1223 1335,1227 1233,1227 995,1235 893,1237 893,1262 791,1226 587,1225"/>
                <Baseline points="617,1286 719,1283 821,1281 923,1280 1025,1278 1127,1278 1229,1278 1331,1278 1433,1278 1535,1278 1637,1280 1739,1280 1841,1281 1943,1281 2045,1283 2147,1283 2249,1283 2351,1282 2453,1281 2556,1280"/>
                <TextEquiv>
                    <Unicode>militarium et Civitatenssium civitatensium de Prussia in vim conservacionis perpetue pacis facta</Unicode>
                </TextEquiv>
            </TextLine>
            <TextLine id="r2l19" custom="readingOrder {index:15;}">
                <Coords points="553,1421 650,1377 753,1372 856,1369 912,1407 1062,1366 1165,1365 1268,1365 1371,1365 1474,1366 1577,1368 1679,1368 1782,1370 1885,1372 1988,1372 2091,1374 2194,1375 2297,1375 2400,1375 2503,1375 2616,1388 2616,1339 2601,1314 2494,1288 2293,1300 2188,1306 2085,1305 2006,1303 1903,1303 1784,1289 1681,1287 1577,1319 1496,1295 1393,1294 1256,1284 1165,1316 1062,1317 959,1319 822,1292 719,1295 650,1328 548,1334"/>
                <Baseline points="548,1367 650,1361 753,1356 856,1353 959,1352 1062,1350 1165,1349 1268,1349 1371,1349 1474,1350 1577,1352 1679,1352 1782,1354 1885,1356 1988,1356 2091,1358 2194,1359 2297,1359 2400,1359 2503,1359 2606,1358"/>
                <TextEquiv>
                    <Unicode>per vos rumperetur eidem hosti nostro vestris suffulto presidiis consiliis</Unicode>
                </TextEquiv>
            </TextLine>
            <TextLine id="r2l20" custom="readingOrder {index:16;} textStyle {offset:13; length:6;strikethrough:true; fontSize:0.0; kerning:0;}">
                <Coords points="530,1451 640,1471 774,1440 881,1440 987,1440 1093,1441 1200,1443 1296,1468 1402,1470 1519,1449 1625,1450 1731,1453 1838,1455 1936,1459 2042,1461 2132,1466 2263,1461 2369,1462 2476,1461 2582,1461 2697,1459 2724,1372 2598,1360 2476,1412 2421,1369 2315,1368 2101,1363 1994,1361 1944,1408 1824,1370 1717,1368 1584,1367 1519,1400 1406,1363 1300,1361 1200,1394 1009,1364 987,1391 897,1363 776,1357 670,1357 530,1402"/>
                <Baseline points="573,1418 679,1415 785,1415 892,1415 998,1415 1104,1416 1211,1418 1317,1419 1423,1421 1530,1424 1636,1425 1742,1428 1849,1430 1955,1432 2061,1434 2168,1436 2274,1436 2380,1437 2487,1436 2593,1436 2700,1434"/>
                <TextEquiv>
                    <Unicode>et favoribus domina dominia Regni nostri infestandi et depopulandi audacior</Unicode>
                </TextEquiv>
            </TextLine>
            <TextLine id="r2l21" custom="readingOrder {index:17;} textStyle {offset:57; length:11;strikethrough:true; fontSize:0.0; kerning:0;}">
                <Coords points="569,1554 642,1498 788,1501 908,1544 1001,1501 1111,1554 1177,1530 1319,1506 1416,1540 1522,1542 1638,1513 1744,1515 1851,1518 1957,1521 2084,1501 2169,1525 2276,1527 2425,1557 2488,1530 2595,1530 2617,1459 2510,1459 2392,1457 2286,1456 2163,1456 2057,1453 1959,1456 1853,1453 1744,1466 1636,1448 1530,1445 1426,1459 1305,1434 1213,1455 1107,1454 1003,1430 896,1430 786,1438 680,1440 538,1455"/>
                <Baseline points="576,1488 682,1487 788,1485 894,1485 1001,1485 1107,1487 1213,1488 1319,1490 1426,1492 1532,1494 1638,1497 1744,1499 1851,1502 1957,1505 2063,1506 2169,1509 2276,1511 2382,1512 2488,1514 2595,1514"/>
                <TextEquiv>
                    <Unicode>pateret accessus preterea neque a memoria excidit nostre maijestatis magestatis</Unicode>
                </TextEquiv>
            </TextLine>
            <TextLine id="r2l22" custom="readingOrder {index:18;} textStyle {offset:40; length:9;strikethrough:true; fontSize:0.0; kerning:0;} textStyle {offset:59; length:6;strikethrough:true; fontSize:0.0; kerning:0;}">
                <Coords points="558,1621 661,1585 761,1585 861,1584 962,1584 1062,1582 1106,1613 1263,1582 1363,1584 1419,1612 1520,1613 1664,1587 1743,1623 1864,1590 1965,1593 2065,1594 2165,1597 2266,1600 2366,1604 2466,1608 2544,1645 2589,1553 2474,1531 2352,1537 2260,1525 2159,1522 2070,1498 1965,1544 1866,1511 1766,1509 1664,1538 1564,1536 1472,1504 1345,1519 1263,1533 1195,1506 1062,1533 918,1515 811,1505 755,1526 669,1510 543,1514"/>
                <Baseline points="561,1571 661,1569 761,1569 861,1568 962,1568 1062,1566 1162,1566 1263,1566 1363,1568 1463,1568 1564,1569 1664,1571 1764,1572 1864,1574 1965,1577 2065,1578 2165,1581 2266,1584 2366,1588 2466,1592 2567,1596"/>
                <TextEquiv>
                    <Unicode>quomodo Ottha Marwicz tunc terrigena et subdictus subditus voster vester villam dictam</Unicode>
                </TextEquiv>
            </TextLine>
            <TextLine id="r2l23" custom="readingOrder {index:19;} textStyle {offset:0; length:13;strikethrough:true; fontSize:0.0; kerning:0;} textStyle {offset:28; length:9;strikethrough:true; fontSize:0.0; kerning:0;} textStyle {offset:50; length:11;strikethrough:true; fontSize:0.0; kerning:0;} textStyle {offset:74; length:12;strikethrough:true; fontSize:0.0; kerning:0;} textStyle {offset:103; length:9;strikethrough:true; fontSize:0.0; kerning:0;}">
                <Coords points="488,1743 638,1668 743,1665 799,1703 954,1660 1059,1660 1165,1659 1270,1659 1413,1683 1481,1662 1586,1662 1691,1664 1797,1666 1902,1667 2040,1703 2113,1671 2218,1672 2321,1701 2429,1674 2501,1719 2640,1674 2638,1597 2532,1597 2429,1625 2317,1604 2212,1603 2113,1602 2007,1600 1943,1615 1903,1583 1691,1615 1540,1593 1445,1607 1343,1591 1276,1588 1163,1582 1051,1605 970,1593 865,1595 745,1596 636,1589 475,1613"/>
                <Baseline points="533,1656 638,1652 743,1649 849,1646 954,1644 1059,1644 1165,1643 1270,1643 1375,1644 1481,1646 1586,1646 1691,1648 1797,1650 1902,1651 2007,1653 2113,1655 2218,1656 2323,1657 2429,1658 2534,1658 2640,1658"/>
                <TextEquiv>
                    <Unicode>Thrzebyescham Thrzebyeschow Ecclesiem ecclesie et Episcopatus episcopatus poznaniensis Poznaniensis in pradicium prejudicium pacis perpetue</Unicode>
                </TextEquiv>
            </TextLine>
            <TextLine id="r2l24" custom="readingOrder {index:20;}">
                <Coords points="551,1744 651,1740 751,1737 852,1734 926,1789 1053,1731 1153,1731 1166,1780 1354,1733 1452,1740 1553,1743 1655,1738 1755,1741 1856,1743 1956,1744 2057,1747 2157,1747 2257,1749 2304,1794 2458,1749 2559,1747 2591,1684 2490,1686 2358,1700 2260,1654 2169,1680 2069,1680 1956,1695 1874,1668 1773,1666 1655,1689 1553,1670 1452,1667 1354,1684 1253,1683 1153,1682 1053,1682 944,1653 844,1655 751,1688 637,1655 537,1659"/>
                <Baseline points="551,1728 651,1724 751,1721 852,1718 952,1716 1053,1715 1153,1715 1253,1716 1354,1717 1454,1718 1555,1721 1655,1722 1755,1725 1856,1727 1956,1728 2057,1731 2157,1731 2257,1733 2358,1733 2458,1733 2559,1731"/>
                <TextEquiv>
                    <Unicode>desolavit et ignis voragine inhumane consumpsit ubi eciam spaciosam</Unicode>
                </TextEquiv>
            </TextLine>
            <TextLine id="r2l25" custom="readingOrder {index:21;} textStyle {offset:0; length:7;strikethrough:true; fontSize:0.0; kerning:0;} textStyle {offset:28; length:13;strikethrough:true; fontSize:0.0; kerning:0;}">
                <Coords points="537,1823 654,1855 771,1810 875,1807 975,1840 1084,1806 1188,1806 1256,1828 1343,1852 1459,1848 1606,1815 1710,1816 1814,1819 1917,1851 2060,1861 2127,1827 2228,1865 2336,1828 2487,1869 2544,1827 2687,1853 2685,1759 2580,1762 2444,1757 2340,1757 2231,1779 2113,1764 2009,1762 1918,1773 1814,1770 1722,1741 1618,1740 1501,1763 1370,1729 1293,1758 1188,1757 1072,1733 927,1764 895,1758 795,1727 658,1749 537,1774"/>
                <Baseline points="563,1803 667,1798 771,1794 875,1791 980,1790 1084,1790 1188,1790 1293,1791 1397,1793 1501,1796 1606,1799 1710,1800 1814,1803 1918,1806 2023,1809 2127,1811 2231,1812 2336,1812 2440,1812 2544,1811 2649,1808"/>
                <TextEquiv>
                    <Unicode>eiusdem ejusdem loci partem excissis quia excissisque arboribus usurpastis et siginis destructis</Unicode>
                </TextEquiv>
            </TextLine>
            <TextLine id="r2l26" custom="readingOrder {index:22;}">
                <Coords points="536,1898 649,1895 743,1922 973,1888 998,1920 1051,1873 1127,1903 1180,1883 1302,1915 1464,1891 1650,1886 1679,1944 1770,1893 1871,1898 1973,1901 2075,1903 2176,1904 2278,1905 2380,1906 2482,1906 2584,1906 2600,1819 2498,1819 2366,1825 2264,1824 2176,1855 2023,1824 1921,1822 1871,1849 1769,1848 1677,1830 1576,1828 1464,1842 1362,1826 1260,1826 1190,1815 1089,1815 973,1820 871,1812 751,1833 649,1846 536,1849"/>
                <Baseline points="558,1880 659,1875 761,1872 863,1871 965,1869 1067,1868 1168,1868 1270,1869 1372,1869 1474,1871 1576,1873 1677,1875 1779,1877 1881,1878 1983,1881 2085,1883 2186,1884 2288,1885 2390,1886 2492,1886 2594,1886"/>
                <TextEquiv>
                    <Unicode>occupastis Et quod plus est nam et in graniciebus magni ducatus nostri</Unicode>
                </TextEquiv>
            </TextLine>
            <TextLine id="r2l27" custom="readingOrder {index:23;} textStyle {offset:0; length:9;strikethrough:true; fontSize:0.0; kerning:0;} textStyle {offset:42; length:12;strikethrough:true; fontSize:0.0; kerning:0;} textStyle {offset:69; length:6;strikethrough:true; fontSize:0.0; kerning:0;}">
                <Coords points="552,1985 667,1965 770,1962 873,1959 977,1957 1080,1956 1183,1956 1287,1956 1390,1957 1493,1959 1597,1960 1700,1962 1803,1965 1906,1968 2010,1969 2068,2013 2143,1976 2246,2011 2447,1978 2529,2013 2644,1982 2642,1901 2524,1899 2423,1929 2312,1918 2208,1915 2113,1923 2014,1900 1910,1899 1845,1880 1640,1883 1495,1917 1493,1910 1390,1908 1287,1907 1175,1871 1072,1871 975,1900 871,1902 770,1913 657,1884 542,1904"/>
                <Baseline points="564,1955 667,1949 770,1946 873,1943 977,1941 1080,1940 1183,1940 1287,1940 1390,1941 1493,1943 1597,1944 1700,1946 1803,1949 1906,1952 2010,1953 2113,1956 2216,1958 2320,1961 2423,1962 2526,1964 2630,1964"/>
                <TextEquiv>
                    <Unicode>lithwanie Lithwanie notabilia loca contra abservanciam  observanciam iurate jurate pacis perpetue abstra</Unicode>
                </TextEquiv>
            </TextLine>
            <TextLine id="r2l28" custom="readingOrder {index:24;} textStyle {offset:19; length:5;strikethrough:true; fontSize:0.0; kerning:0;} textStyle {offset:33; length:11;strikethrough:true; fontSize:0.0; kerning:0;}">
                <Coords points="555,2043 626,2062 759,2034 861,2031 963,2029 1065,2028 1167,2028 1269,2029 1371,2031 1473,2032 1576,2035 1724,2070 1826,2072 1882,2044 1984,2047 2086,2049 2188,2052 2290,2053 2392,2055 2494,2055 2562,2075 2619,1980 2492,1972 2368,1990 2258,1978 2180,1993 2084,1982 1982,1980 1882,1967 1780,1963 1678,1989 1590,1962 1487,1959 1373,1964 1271,1962 1163,1973 1061,1973 959,1966 857,1968 759,1985 653,1979 551,1984"/>
                <Baseline points="555,2027 657,2022 759,2018 861,2015 963,2013 1065,2012 1167,2012 1269,2013 1371,2015 1473,2016 1576,2019 1678,2022 1780,2024 1882,2028 1984,2031 2086,2033 2188,2036 2290,2037 2392,2039 2494,2039 2597,2039"/>
                <TextEquiv>
                    <Unicode>xistis et dominiis viris vestris adiumxistis adiunxistis Insuper clare nobis cognitum est</Unicode>
                </TextEquiv>
            </TextLine>
            <TextLine id="r2l29" custom="readingOrder {index:25;} textStyle {offset:46; length:5;strikethrough:true; fontSize:0.0; kerning:0;}">
                <Coords points="564,2113 664,2108 764,2104 864,2101 964,2100 1064,2098 1164,2098 1264,2100 1364,2101 1464,2103 1469,2131 1664,2107 1708,2143 1864,2113 1944,2104 2044,2107 2164,2122 2264,2124 2364,2125 2464,2125 2565,2127 2598,2054 2497,2052 2364,2076 2325,2059 2225,2057 2166,2044 1943,2044 1758,2046 1764,2061 1646,2032 1546,2031 1464,2054 1364,2052 1274,2037 1174,2021 1064,2035 958,2015 839,2037 756,2039 656,2043 564,2064"/>
                <Baseline points="564,2097 664,2092 764,2088 864,2085 964,2084 1064,2082 1164,2082 1264,2084 1364,2085 1464,2087 1564,2090 1664,2091 1764,2094 1864,2097 1964,2100 2064,2103 2164,2106 2264,2108 2364,2109 2464,2109 2565,2111"/>
                <TextEquiv>
                    <Unicode>quibus studiis laboribus et ingeniis subditos viros vestros ad demollicionem</Unicode>
                </TextEquiv>
            </TextLine>
            <TextLine id="r2l30" custom="readingOrder {index:26;}">
                <Coords points="568,2219 681,2178 692,2209 797,2208 996,2173 1101,2173 1225,2205 1311,2175 1416,2175 1521,2178 1566,2195 1671,2198 1836,2184 1941,2187 2046,2190 2151,2194 2256,2197 2361,2200 2466,2203 2571,2207 2676,2211 2670,2126 2565,2122 2440,2144 2335,2141 2256,2148 2151,2145 2046,2110 1927,2110 1822,2138 1731,2133 1626,2130 1521,2129 1416,2126 1311,2126 1198,2092 1093,2092 996,2124 891,2125 782,2104 677,2107 550,2132"/>
                <Baseline points="576,2165 681,2162 786,2159 891,2158 996,2157 1101,2157 1206,2157 1311,2159 1416,2159 1521,2162 1626,2163 1731,2166 1836,2168 1941,2171 2046,2174 2151,2178 2256,2181 2361,2184 2466,2187 2571,2191 2676,2195"/>
                <TextEquiv>
                    <Unicode>pacis perpetue induceri satagebatis nam post multas et varias querelas</Unicode>
                </TextEquiv>
            </TextLine>
            <TextLine id="r2l31" custom="readingOrder {index:27;} textStyle {offset:12; length:11;strikethrough:true; fontSize:0.0; kerning:0;} textStyle {offset:48; length:13;strikethrough:true; fontSize:0.0; kerning:0;} textStyle {offset:76; length:13;strikethrough:true; fontSize:0.0; kerning:0;}">
                <Coords points="563,2255 679,2250 740,2270 891,2244 998,2243 1056,2277 1210,2243 1316,2245 1423,2247 1529,2250 1626,2285 1732,2288 1764,2306 1954,2262 2060,2265 2166,2268 2273,2270 2390,2299 2485,2273 2592,2271 2594,2216 2489,2194 2381,2202 2273,2225 2188,2203 2082,2200 1954,2217 1860,2170 1741,2211 1574,2176 1468,2173 1423,2202 1320,2181 1214,2179 1094,2164 988,2164 891,2199 801,2171 695,2175 563,2210"/>
                <Baseline points="573,2240 679,2235 785,2231 891,2229 998,2228 1104,2228 1210,2228 1316,2230 1423,2232 1529,2235 1635,2238 1741,2241 1848,2244 1954,2247 2060,2250 2166,2253 2273,2255 2379,2256 2485,2258 2592,2256"/>
                <TextEquiv>
                    <Unicode>et lugubres deposciones deposiciones militarium terrigentarum terrigennarum Civitatensium civitatensium de</Unicode>
                </TextEquiv>
            </TextLine>
            <TextLine id="r2l32" custom="readingOrder {index:28;} textStyle {offset:0; length:7;strikethrough:true; fontSize:0.0; kerning:0;} textStyle {offset:41; length:14;strikethrough:true; fontSize:0.0; kerning:0;}">
                <Coords points="557,2392 623,2328 773,2347 888,2320 999,2308 1098,2307 1185,2320 1285,2322 1384,2323 1483,2325 1582,2327 1681,2329 1780,2331 1899,2320 1999,2321 2086,2361 2177,2338 2276,2338 2375,2338 2474,2338 2602,2335 2578,2270 2450,2273 2375,2293 2236,2269 2137,2269 2032,2265 1933,2263 1879,2289 1782,2293 1675,2267 1594,2269 1503,2291 1384,2244 1285,2243 1211,2245 1112,2244 983,2241 884,2241 779,2248 680,2251 561,2292"/>
                <Baseline points="594,2310 693,2307 792,2304 891,2301 990,2301 1089,2300 1188,2301 1288,2303 1387,2304 1486,2306 1585,2308 1684,2310 1783,2312 1882,2315 1982,2316 2081,2318 2180,2319 2279,2319 2378,2319 2477,2319 2577,2318"/>
                <TextEquiv>
                    <Unicode>prussia Prussia coram nobis in pluriibus Conuencionibus convencionibus factas et productas</Unicode>
                </TextEquiv>
            </TextLine>
            <TextLine id="r2l33" custom="readingOrder {index:29;} textStyle {offset:33; length:12;strikethrough:true; fontSize:0.0; kerning:0;} textStyle {offset:66; length:4;strikethrough:true; fontSize:0.0; kerning:0;}">
                <Coords points="580,2396 684,2391 786,2390 862,2423 991,2403 1093,2403 1195,2387 1297,2387 1400,2388 1502,2390 1604,2391 1706,2394 1809,2396 1911,2399 2013,2400 2115,2403 2270,2442 2320,2408 2420,2428 2522,2429 2637,2414 2633,2335 2520,2333 2422,2366 2322,2351 2220,2349 2109,2322 2007,2319 1911,2354 1827,2325 1724,2323 1604,2346 1502,2345 1396,2313 1293,2312 1195,2342 1075,2306 973,2306 866,2325 764,2327 680,2336 576,2341"/>
                <Baseline points="582,2379 684,2376 786,2375 888,2373 991,2372 1093,2372 1195,2372 1297,2372 1400,2373 1502,2375 1604,2376 1706,2379 1809,2381 1911,2384 2013,2385 2115,2388 2218,2391 2320,2393 2422,2396 2524,2397 2627,2399"/>
                <TextEquiv>
                    <Unicode>quibus ipsi terrigene nobiles et Civitatensis civitatenses animum unum vestrum sinistro palio</Unicode>
                </TextEquiv>
            </TextLine>
            <TextLine id="r2l34" custom="readingOrder {index:30;} textStyle {offset:48; length:11;strikethrough:true; fontSize:0.0; kerning:0;}">
                <Coords points="561,2464 715,2456 816,2454 917,2454 1018,2454 1119,2454 1220,2454 1256,2481 1422,2456 1523,2456 1624,2457 1724,2459 1825,2460 1926,2463 2027,2465 2082,2495 2229,2471 2369,2473 2416,2521 2532,2483 2633,2489 2621,2406 2520,2400 2439,2420 2338,2416 2213,2406 2110,2395 2025,2412 1910,2398 1809,2395 1724,2414 1618,2400 1517,2399 1422,2401 1317,2381 1216,2391 1097,2398 996,2398 917,2409 816,2395 715,2397 561,2419"/>
                <Baseline points="582,2441 682,2441 783,2439 884,2439 985,2439 1086,2439 1187,2439 1288,2439 1389,2441 1490,2441 1591,2442 1691,2444 1792,2445 1893,2448 1994,2450 2095,2453 2196,2456 2297,2460 2398,2464 2499,2468 2600,2474"/>
                <TextEquiv>
                    <Unicode>contectum nobis detegebant quomodo videlicet ad infrigendum infringendum fedus </Unicode>
                </TextEquiv>
            </TextLine>
            <TextLine id="r2l35" custom="readingOrder {index:31;} textStyle {offset:21; length:7;strikethrough:true; fontSize:0.0; kerning:0;}">
                <Coords points="541,2561 667,2560 741,2528 781,2572 943,2526 985,2572 1180,2533 1278,2534 1377,2534 1476,2536 1557,2561 1674,2540 1773,2542 1827,2588 1970,2548 2069,2551 2127,2570 2267,2560 2366,2563 2465,2569 2564,2573 2564,2524 2401,2478 2302,2472 2267,2511 2190,2481 2109,2500 1970,2499 1891,2465 1759,2477 1690,2467 1579,2472 1480,2471 1398,2480 1266,2491 1136,2488 1067,2462 980,2474 881,2475 784,2469 685,2471 559,2488"/>
                <Baseline points="585,2514 683,2513 782,2511 881,2511 980,2510 1079,2510 1178,2510 1276,2511 1375,2511 1474,2513 1573,2514 1672,2517 1771,2519 1870,2522 1968,2525 2067,2528 2166,2532 2265,2537 2364,2540 2463,2546 2562,2550"/>
                <TextEquiv>
                    <Unicode>perpetue pacis ipsos cornati conati estis impellere efficientes ipsi nobiles et</Unicode>
                </TextEquiv>
            </TextLine>
            <TextLine id="r2l36" custom="readingOrder {index:32;} textStyle {offset:31; length:5;strikethrough:true; fontSize:0.0; kerning:0;}">
                <Coords points="554,2618 604,2645 704,2643 877,2605 977,2604 1104,2643 1178,2604 1279,2605 1379,2606 1480,2607 1568,2646 1606,2635 1685,2611 1740,2634 1982,2620 2082,2623 2183,2628 2283,2632 2369,2670 2484,2641 2585,2647 2585,2598 2480,2578 2380,2574 2275,2567 2175,2563 2082,2574 1970,2551 1869,2547 1781,2565 1680,2562 1586,2537 1486,2536 1351,2535 1251,2534 1178,2555 1072,2539 971,2539 877,2556 710,2547 610,2549 554,2569"/>
                <Baseline points="576,2592 676,2591 776,2589 877,2589 977,2588 1078,2588 1178,2588 1279,2589 1379,2590 1480,2591 1580,2592 1680,2595 1781,2598 1881,2600 1982,2604 2082,2607 2183,2612 2283,2616 2384,2621 2484,2625 2585,2631"/>
                <TextEquiv>
                    <Unicode>terrigene in casu quo affectum virum vestrum perniciosum deduxissetis in effectum</Unicode>
                </TextEquiv>
            </TextLine>
            <TextLine id="r2l37" custom="readingOrder {index:33;}">
                <Coords points="573,2694 674,2685 769,2682 852,2720 959,2679 1055,2679 1115,2729 1245,2680 1340,2680 1435,2682 1531,2685 1639,2718 1721,2689 1816,2692 1911,2695 2007,2698 2102,2701 2197,2704 2292,2708 2387,2712 2497,2717 2493,2652 2383,2647 2266,2643 2171,2639 2102,2652 1993,2625 1895,2616 1814,2637 1703,2618 1621,2619 1539,2640 1427,2609 1340,2631 1245,2631 1150,2630 1049,2608 953,2608 864,2631 769,2633 674,2636 573,2645"/>
                <Baseline points="579,2672 674,2669 769,2666 864,2664 959,2663 1055,2663 1150,2663 1245,2664 1340,2664 1435,2666 1531,2669 1626,2670 1721,2673 1816,2676 1911,2679 2007,2682 2102,2685 2197,2688 2292,2692 2387,2696 2483,2699"/>
                <TextEquiv>
                    <Unicode>a noxa periurii se coram nobis absolutos Eo tamen non obstante</Unicode>
                </TextEquiv>
            </TextLine>
            <TextLine id="r2l38" custom="readingOrder {index:34;} textStyle {offset:0; length:9;strikethrough:true; fontSize:0.0; kerning:0;} textStyle {offset:30; length:10;strikethrough:true; fontSize:0.0; kerning:0;} textStyle {offset:73; length:12;strikethrough:true; fontSize:0.0; kerning:0;}">
                <Coords points="563,2791 703,2756 804,2752 906,2749 1007,2748 1109,2748 1210,2749 1311,2750 1413,2752 1514,2754 1616,2757 1717,2760 1818,2764 1920,2767 2021,2770 2123,2773 2224,2776 2325,2779 2427,2781 2528,2782 2630,2784 2632,2717 2530,2715 2427,2732 2325,2730 2224,2727 2123,2724 2021,2705 1920,2702 1818,2715 1717,2711 1616,2708 1514,2705 1413,2691 1311,2689 1210,2700 1109,2699 1007,2687 906,2688 804,2703 703,2707 561,2711"/>
                <Baseline points="604,2745 705,2740 806,2736 908,2733 1009,2732 1111,2732 1212,2733 1313,2734 1415,2736 1516,2738 1618,2741 1719,2744 1820,2748 1922,2754 2023,2757 2125,2757 2226,2760 2327,2763 2429,2765 2530,2766 2632,2768"/>
                <TextEquiv>
                    <Unicode>sripsimus scripsimus vobis et exhibuimus exhybuimus nos ex solita nostra mansuetudine manswetudine quam</Unicode>
                </TextEquiv>
            </TextLine>
            <TextLine id="r2l39" custom="readingOrder {index:35;} textStyle {offset:34; length:6;strikethrough:true; fontSize:0.0; kerning:0;}">
                <Coords points="568,2843 686,2826 784,2823 883,2820 981,2818 1079,2817 1178,2817 1276,2817 1374,2818 1473,2820 1571,2823 1669,2825 1768,2829 1866,2832 1964,2835 2063,2839 2161,2843 2259,2847 2358,2851 2456,2856 2555,2859 2555,2810 2456,2807 2358,2802 2259,2798 2161,2794 2063,2790 1964,2786 1864,2767 1766,2764 1669,2776 1571,2774 1471,2759 1372,2757 1276,2768 1178,2768 1079,2768 981,2769 883,2771 784,2774 686,2777 568,2783"/>
                <Baseline points="588,2816 686,2810 784,2807 883,2802 981,2800 1079,2801 1178,2801 1276,2801 1374,2802 1473,2804 1571,2807 1669,2809 1768,2813 1866,2816 1964,2819 2063,2823 2161,2827 2259,2831 2358,2835 2456,2840 2555,2843"/>
                <TextEquiv>
                    <Unicode>erga vos gestavimus quod pro bono vostro vestro tamquam bonus mediator causam</Unicode>
                </TextEquiv>
            </TextLine>
            <TextLine id="r2l40" custom="readingOrder {index:36;}">
                <Coords points="576,2901 678,2899 781,2898 883,2896 986,2896 1088,2896 1191,2896 1293,2898 1396,2899 1498,2902 1601,2904 1704,2907 1806,2910 1909,2913 2011,2916 2114,2920 2216,2923 2319,2926 2421,2930 2524,2933 2627,2937 2627,2876 2524,2872 2421,2881 2319,2877 2216,2860 2114,2857 2011,2867 1909,2864 1806,2861 1704,2858 1601,2855 1498,2853 1392,2832 1289,2831 1191,2847 1088,2847 986,2847 883,2847 760,2839 678,2850 572,2835"/>
                <Baseline points="576,2885 678,2883 781,2882 883,2880 986,2880 1088,2880 1191,2880 1293,2882 1396,2883 1498,2886 1601,2888 1704,2891 1806,2894 1909,2897 2011,2900 2114,2904 2216,2907 2319,2910 2421,2914 2524,2917 2627,2921"/>
                <TextEquiv>
                    <Unicode>et differencias ipsas quantum in nobis esset sopire voluimus et sedare</Unicode>
                </TextEquiv>
            </TextLine>
            <TextLine id="r2l41" custom="readingOrder {index:37;}">
                <Coords points="582,2973 684,2970 787,2968 890,2967 993,2967 1096,2968 1199,2968 1301,2971 1404,2973 1507,2976 1610,2979 1713,2981 1816,2985 1919,2988 2021,2991 2124,2994 2227,2997 2330,3000 2433,3001 2536,3003 2639,3004 2639,2955 2536,2954 2433,2952 2330,2951 2227,2948 2124,2945 2021,2942 1919,2939 1816,2936 1713,2932 1610,2930 1507,2927 1404,2924 1301,2922 1199,2919 1096,2919 993,2918 890,2918 787,2919 684,2921 582,2924"/>
                <Baseline points="582,2957 684,2954 787,2952 890,2951 993,2951 1096,2952 1199,2952 1301,2955 1404,2957 1507,2960 1610,2963 1713,2965 1816,2969 1919,2972 2021,2975 2124,2978 2227,2981 2330,2984 2433,2985 2536,2987 2639,2988"/>
                <TextEquiv>
                    <Unicode>quod vos post tot et tantas favorabiles nostras ammoniciones refutastis</Unicode>
                </TextEquiv>
            </TextLine>
            <TextLine id="r2l42" custom="readingOrder {index:38;} textStyle {offset:23; length:4;strikethrough:true; fontSize:0.0; kerning:0;} textStyle {offset:38; length:3;strikethrough:true; fontSize:0.0; kerning:0;} textStyle {offset:73; length:11;strikethrough:true; fontSize:0.0; kerning:0;}">
                <Coords points="582,3043 685,3042 789,3040 893,3040 997,3040 1100,3042 1204,3043 1308,3045 1412,3048 1515,3051 1619,3054 1723,3057 1827,3061 1930,3064 2034,3067 2138,3071 2242,3075 2345,3077 2449,3079 2553,3082 2722,3092 2722,3043 2553,3033 2449,3030 2345,3028 2242,3026 2138,3022 2030,2984 1926,2981 1827,3012 1723,3008 1619,3005 1515,3002 1412,2999 1308,2996 1172,2956 1068,2955 997,2991 893,2991 789,2991 685,2993 582,2994"/>
                <Baseline points="580,3023 683,3022 787,3020 891,3020 995,3020 1098,3022 1202,3023 1306,3025 1410,3028 1513,3031 1617,3034 1721,3037 1825,3041 1928,3044 2032,3047 2136,3051 2240,3055 2343,3057 2447,3059 2551,3062 2655,3064"/>
                <TextEquiv>
                    <Unicode>et acceptare noluistis ideo Ideo ipsi iam jam dicti nobiles terrigene et civitatenes civitatenses</Unicode>
                </TextEquiv>
            </TextLine>
            <TextLine id="r2l43" custom="readingOrder {index:39;} textStyle {offset:34; length:9;strikethrough:true; fontSize:0.0; kerning:0;} textStyle {offset:55; length:12;strikethrough:true; fontSize:0.0; kerning:0;}">
                <Coords points="564,3118 672,3116 781,3115 890,3115 998,3115 1107,3115 1216,3117 1324,3120 1433,3121 1542,3125 1651,3129 1759,3132 1868,3136 1977,3141 2085,3145 2194,3150 2303,3156 2411,3160 2520,3165 2629,3171 2738,3177 2738,3128 2631,3102 2522,3096 2411,3111 2303,3107 2194,3101 2085,3096 2033,3051 1982,3079 1762,3091 1651,3080 1542,3076 1441,3060 1332,3047 1216,3056 1107,3066 998,3066 890,3038 781,3038 672,3067 564,3069"/>
                <Baseline points="564,3102 672,3100 781,3099 890,3099 998,3099 1107,3099 1216,3101 1324,3104 1433,3105 1542,3109 1651,3113 1759,3116 1868,3120 1977,3125 2085,3129 2194,3134 2303,3140 2411,3144 2520,3149 2629,3155 2738,3161"/>
                <TextEquiv>
                    <Unicode>hiis diebus solemptatum nostrarum nupcialum nupcialium Cracoviensis Cracoviam venientes instantissimis</Unicode>
                </TextEquiv>
            </TextLine>
            <TextLine id="r2l44" custom="readingOrder {index:40;} textStyle {offset:11; length:8;strikethrough:true; fontSize:0.0; kerning:0;} textStyle {offset:39; length:9;strikethrough:true; fontSize:0.0; kerning:0;} textStyle {offset:62; length:12;strikethrough:true; fontSize:0.0; kerning:0;} textStyle {offset:88; length:7;strikethrough:true; fontSize:0.0; kerning:0;}">
                <Coords points="570,3196 667,3195 765,3195 863,3195 961,3196 1058,3196 1156,3198 1256,3245 1354,3271 1449,3228 1547,3207 1645,3210 1743,3213 1838,3253 1936,3258 2036,3228 2134,3235 2233,3271 2331,3278 2427,3257 2525,3265 2525,3206 2427,3198 2329,3199 2233,3161 2136,3155 2036,3179 1938,3159 1840,3154 1743,3164 1645,3139 1547,3136 1449,3155 1352,3152 1254,3150 1156,3149 1058,3147 961,3147 863,3146 765,3120 667,3120 570,3147"/>
                <Baseline points="570,3180 667,3179 765,3179 863,3179 961,3180 1058,3180 1156,3182 1254,3183 1352,3185 1449,3188 1547,3191 1645,3194 1743,3197 1840,3201 1938,3206 2036,3212 2134,3219 2231,3225 2329,3232 2427,3241 2525,3249"/>
                <TextEquiv>
                    <Unicode>querelarum mestiiis mesticiis iniurias gravamiam gravamina et oppreddiones oppressiones vostras vestras predictas</Unicode>
                </TextEquiv>
            </TextLine>
            <TextEquiv>
                <Unicode>Per per Wislam cum mercibus suis in navibus de Nesthowa Nyeschowa versus Cuiaviam Cuyaviam&#13;
fecerat ipse spe perpetue pacis assecuratus Est ergo presumpcio quod ad maiora majora&#13;
aggredi auderetis si animis vostris fortuna arrideret sed Deo volente&#13;
etsi aliquando ad malum affuit voluntas defuit tamen facultas&#13;
nec quicquam ita occultuam occultam esse potest quod nostro non veniet in appertum Jam&#13;
enim didicimus per expressum quod non ob aliam causam magister Alamanie eidem&#13;
paci perpetue pariter et inscripcioni consensum non̄ non prestitit et sigilli sui&#13;
munimine ipsam neque roboravit vostra suggestione procurante licet ipsum&#13;
ad id faciendum toto vostro vestro conatu et diligencia ex certis compactatis iducerem inducere&#13;
debuistis quod usque ad presens non potuit sortiri effectum tendentes in&#13;
hunc finem ut ipse tamquam immunis et ab insripcione alienus capta&#13;
opportuniatate vestroque adiutus auxilio et perswasione nobis et Regno regno nostro&#13;
quasi licite bella movere posset et in destruccionem dominiorum nostrorum&#13;
tendere hoc eciam reservantes ut dum unio seu liga militum et&#13;
militarium et Civitatenssium civitatensium de Prussia in vim conservacionis perpetue pacis facta&#13;
per vos rumperetur eidem hosti nostro vestris suffulto presidiis consiliis&#13;
et favoribus domina dominia Regni nostri infestandi et depopulandi audacior&#13;
pateret accessus preterea neque a memoria excidit nostre maijestatis magestatis&#13;
quomodo Ottha Marwicz tunc terrigena et subdictus subditus voster vester villam dictam&#13;
Thrzebyescham Thrzebyeschow Ecclesiem ecclesie et Episcopatus episcopatus poznaniensis Poznaniensis in pradicium prejudicium pacis perpetue&#13;
desolavit et ignis voragine inhumane consumpsit ubi eciam spaciosam&#13;
eiusdem ejusdem loci partem excissis quia excissisque arboribus usurpastis et siginis destructis&#13;
occupastis Et quod plus est nam et in graniciebus magni ducatus nostri&#13;
lithwanie Lithwanie notabilia loca contra abservanciam  observanciam iurate jurate pacis perpetue abstra&#13;
xistis et dominiis viris vestris adiumxistis adiunxistis Insuper clare nobis cognitum est&#13;
quibus studiis laboribus et ingeniis subditos viros vestros ad demollicionem&#13;
pacis perpetue induceri satagebatis nam post multas et varias querelas&#13;
et lugubres deposciones deposiciones militarium terrigentarum terrigennarum Civitatensium civitatensium de&#13;
prussia Prussia coram nobis in pluriibus Conuencionibus convencionibus factas et productas&#13;
quibus ipsi terrigene nobiles et Civitatensis civitatenses animum unum vestrum sinistro palio&#13;
contectum nobis detegebant quomodo videlicet ad infrigendum infringendum fedus &#13;
perpetue pacis ipsos cornati conati estis impellere efficientes ipsi nobiles et&#13;
terrigene in casu quo affectum virum vestrum perniciosum deduxissetis in effectum&#13;
a noxa periurii se coram nobis absolutos Eo tamen non obstante&#13;
sripsimus scripsimus vobis et exhibuimus exhybuimus nos ex solita nostra mansuetudine manswetudine quam&#13;
erga vos gestavimus quod pro bono vostro vestro tamquam bonus mediator causam&#13;
et differencias ipsas quantum in nobis esset sopire voluimus et sedare&#13;
quod vos post tot et tantas favorabiles nostras ammoniciones refutastis&#13;
et acceptare noluistis ideo Ideo ipsi iam jam dicti nobiles terrigene et civitatenes civitatenses&#13;
hiis diebus solemptatum nostrarum nupcialum nupcialium Cracoviensis Cracoviam venientes instantissimis&#13;
querelarum mestiiis mesticiis iniurias gravamiam gravamina et oppreddiones oppressiones vostras vestras predictas</Unicode>
            </TextEquiv>
        </TextRegion>
    </Page>
</PcGts>
