2916 3742
607 178 2549 321 Aurifabro Castrensis castrensi in Cracouia Cracovia Data data est feria littera super xxiiii marcem marcas
623 292 2457 458 annatum annatim ab beneplacitum voluntatorum voluntatis super zuppari zuppam Bochnensis Bochnensem et
591 343 1295 533 Wieliczensis Wyeliczensem ut in forma
600 504 2538 611 Conssia Conversis nobilibus Bnuczerz et Nicolaus de Sreniawa Syemiawa germanis indivis super
557 590 2492 686 villas Wonylaw Thomaszawcze et Drohaw in Terra terra et districtu Rahczensis Rachczensi
607 616 2572 719 in sumam eadem Trecenta trecenta marcarum in qua nobiles Johannes et Nicolas Nicolaus
606 686 2515 788 de Wonylaw germani tenuerunt tamdiu quousque dicta pecunia Trecentorum trecentarum
602 740 2117 885 marcarum fuit fuerit ꝑsoluta persoluta tunc hoc tenor sequitur in forma.
