2917 3743
338 314 2308 487 Juxta ordinaciones et Inscripciones pridem per magnificos nobiles et providos
396 417 2205 546 viros Johannem de Baysen prefati serenissimi principes domini Kazimiri
405 479 2217 603 Dei gracia Polonie Regis etc in terris Prussie Gubernatorem Augustinum de
421 551 2196 669 Schewe Chulmensem Gabrielem de Baysen Elbingensem pallatinos Nicolaum
432 607 2200 755 de Wolkowo Judicem Drschoviensem Laurencium Czeitz Chulmensem
442 682 2180 807 Ruthigerum de Birken Thorunensem Laurencium Pilgrim Elbingensem
426 752 2238 874 proconsules Johannem Castellanum Brunsperiensem Gregorum Swach Crolowgro
427 822 2262 928 densem Nicolaum Rodeman de Knypow Vilhelmum Jordan militem et Johan
424 889 2227 1018 nem Meidburg Gdanensem Consules terrarum Prussie plenipotentes amba
442 950 2208 1083 siatores nostro et nostri omni nomine Cracovie factas quos ad id eum
462 1019 2242 1153 pleno mandato faciendum miseramus Cui quidem domino Regi et suis successo
423 1088 2228 1217 ribus legittimis Regni Polonie Regibus omnem fidelitatem assistenciam
420 1157 2223 1288 et reverenciam pro omni tempore faciemus prestabimus et exhibebimus Nec ipsum
411 1210 2245 1346 dominum nostrum Regem et suos successores Coronamque Polonie deseremus Aut
422 1284 2229 1428 quoquō ab obediencia abscedemus sed suam servitem ac ipsius successores
411 1360 2218 1496 Polonie Reges ut veros et unicos dominos nostros et heredes profitebimur
426 1417 2214 1557 et recognoscemus omnique fidelitate assistencia et reverencia tam in prosperis
434 1481 2211 1616 quam in adversis sequemur sine dolo et fraude nec quascumque Colligaciones
419 1549 2200 1675 collooicōne6 pacta et inscripciones Cum hostibus quibuscumque sue serenitati
403 1610 2199 1748 Ac Regibus et Corone Polonie adversari volentibus quovis colore
428 1687 2235 1817 arte et ingenio semoto penitus et exclusi et precipue cum Cruciferis olim
432 1746 2160 1882 nobis imperantibus et presidentibus faciemus sed eos toto posse ac Conatu
415 1806 2237 1968 nostris propellemus eradicabimus et excludemus nulla eis consilia auxlia
410 1859 2292 2030 prestando favores et exhibendo In quorum omni fidem et robur perpetue firmitatis
400 1936 2239 2087 Magnifici et Generosi Augustine de Schewe pallatini et Johannis de
418 2010 2253 2146 Czegemborg vexilliferi Chulmensis famosarumque Chulmensium et Thoru
430 2080 2268 2219 niensium Civitum omni nostri videlicet nobitum videlicet et prudencium Terrigenarum
435 2145 2297 2270 Civitumque premissarum plenam et omnimodam pleno mandato a nobis commissam
428 2214 2301 2360 suo et omni nostri nomine presentibus litteram sigillandum et muniendum habencium potestatem
414 2273 2265 2430 sigilla presentibus sunt sub appensa Actum et datum in Thorini feria tercia proxima
317 2354 2278 2474 Ante festum Ascensionis Domini Anno eiusdem millesimo quadringentesimo quinquagesimo quarto presentibus Reverendissi
387 2419 2305 2544 mis ibidem in Christo patribus et magnificis dominis Johanne Wladislaviensi Andrea
367 2479 2297 2619 Poznaniensi Dei gracia Episcopis Johanne de Thanczin Cracoviensi Stanislao de Ostrorog
396 2552 2271 2697 Calischiensi pallatinis Johanne de Conyeczpole Cancellario et Petro de Scze
375 2616 2254 2764 koczini vicecancellario Regni Polonie etc et aliis quampluribus magnificis et Generosis
372 2686 1075 2830 Dominis testibus ad premissa
