2625 3500
357 334 1989 619 Causis magnis vel parwis parebunt responsuri Item ut ipse Nicolaus Zupparius
341 568 1974 680 zuppas utrasque Wyeliczienses et Bochnenses circa Statuta Regis Kazimiri inviolabi
391 626 1922 754 liter in omnibus et singulis clausulis punctis et articulisque ipsas zuppas
395 697 1936 813 concernere videntur conservabit Item ut nullus hominum cujuscunque status aut
388 748 2018 887 condicionis existat Sal in utraque zuppa aut Civitatibus Veliciensibus et Bochnensibus
392 805 1927 910 vendere presumat nisi ipse zupparius aut officiales sui Civitate vero
380 859 2013 965 Cracoviensi nullus nisi Salicide in depositorio et non alibi ejusdem Civitatis
417 909 1971 1019 Item ut nullus hominum cujuscunque status aut condicionis existat labores et soluciones
397 965 1930 1065 laboratorum in ambabus zuppis attemptare presumat neque ipse zupparius
396 1016 1996 1129 ad hujusmodi soluciones et labores aliquem admittere debeat Sed solus in ejusdem
401 1078 1946 1164 zuppis juxta conswetudinem labores exerceat Item ex Sale minuto in
389 1146 1991 1240 utraque zuppa florenos aut peccunias provenientes nulli hominum exigere permittere
413 1199 1978 1303 debet aut Gazas dicti Salis minuti arendare aut obligare nisi ipse solus
412 1245 2010 1350 aut Officiales sui quos ad id ipse deputaverit more solito exigere et tenere debebunt
405 1324 1980 1426 Item promittemus et plenam concedimus facultatem zuppario predicto nowas fo
435 1363 1948 1457 veas in utraque zuppa Veliciensi et Bochnensi inveniendi et fodendi et more
429 1422 1943 1526 aliarum fovearum dudum inventarum construendi edificandi et disponendi
384 1486 1969 1599 juraque solita in eis amplectendi Item volumus ammodo ut in zuppis nostris aliqui
418 1560 1933 1659 equi pabulandum collocentur preter quadraginta equos nostros quorum viginti in
402 1612 1915 1708 una et tottidem in alia zupparum collocabuntur Et ad hoc unum in Wyeliczka
402 1659 1945 1770 et alium in Bochnia familiares pro recipiendis pabulis equorum predictorum
414 1716 2019 1845 deputabimus Et si plures familiares erunt necessarii ad equos hujusmodi attemptan
410 1768 1920 1897 dos zupparius tenebitur providere Equi autem Succamerarii more solito
418 1839 1955 1953 et Thezaurarii Sex foveantur per ipsum in zuppis alii vero equi aliorum si quos
412 1901 1906 2008 voluerimus locare in pabulis in hospiciis collocentur et pabula ipsorum ad
411 1968 1954 2085 racionem peccuniarum nostrarum computentur Et nonnisi per spacium quatuor Septimanarum
418 2025 1943 2132 in predictis pabulis observentur Et quia ipso zupparius ad multa et varia
408 2088 1945 2197 in zuppis cum mercatoribus et vectoribus obligatur disponenda negocia in
407 2140 1900 2257 quibus sepius per adventum prelatorum Baronumque fidelium nostrorum impeditur in
407 2195 1888 2292 dampnum non modicum et gravamen Decernimus decerto ac habere volumus
418 2262 1952 2366 ut nullus eorum in zuppas nostras descendit Sed in Civitatis hospicio siquidem
392 2314 1917 2420 agere debeat manent ubi si quid zuppario placebit ex honestate talibus
411 2390 1991 2478 tribuere et dono dare gracie recipiant minime molestias aliquas sibi inferendo
418 2438 1954 2533 Item quocienscunque nos vel Consortem nostram ad aliquam zupparum contigerit
421 2503 1995 2598 non teneatur nobis zupparius preter unam diem in qualibet zupparum expensas
417 2554 1950 2656 et necessaria ministrare ere semel in anno duntaxat Sed si aliis diebus
401 2606 2022 2706 manere voluerimus ad racionem peccuniarum nostrarum expensas quas nobis ministraverit
419 2669 1961 2760 computabit Centum florenos nobis pro nostra autem consorte Quinquaginta dono
408 2735 2015 2830 dare semel ut prefertur in anno tenebitur Eciam Bancos Salis centum
403 2793 1932 2899 Anno quolibet distribuere poterimus Dabimusque de zuppis predictis qui banci
411 2850 1959 2938 nobis per mediam marcam debent computari per donacionem autem Aliud vero
418 2909 1946 2994 Sal quod ultradictos Bancos distribuere voluerimus Nullipiam tamen plus quam
424 2959 1953 3046 decem bancos dabimus que per marcam debebunt computari per donacionem
429 3031 1940 3200 autem Salis nimiam ipsum zupparium non debemus agravare Item volumus
