2625 3500
210 296 1913 662 Arendatas non debet eas indebite evacuare Sed de Sale tantummodo effodere
412 604 1997 694 quantum sine dolo et fraude vendere posset sic quod nullum Sal aliquomodo
416 653 1831 748 aut colore exquito tam in Regno quam extra Regnum pro se debeat
393 709 1987 810 usurpare nec in depositis reponere aut quacunque occasione perse vel per
407 757 2024 866 alios usurpare reservare Dum zuppas nostras remittere voluerit quas utrique
407 808 1955 905 fideliter debet resignare Si autem aliquod Sal in depositis vel aliis locis
435 866 2030 949 regni vel extra inventum fuerit pro nostro infescabitur thezauro majestatis
343 909 1972 1007 Adicimus eciam quod memoratus Nicolaus Seraphin in zuppis tot et tanta
407 963 1983 1075 derelicta in tempore quo ipsas zuppas resignaverit nobis derelinquere debebit fide
416 1013 1901 1112 liter quanta fuerunt die qua idem Seraphin conscripta in eisdem invenit
389 1064 1980 1156 Si autem pauciora dimiserit nobis persolvat peccuniis inperatis Si autem
411 1115 1924 1207 plura ipsa ad nostram sibi ponere faciemus racionem Illo eciam non
399 1154 2005 1296 ommisso Quod idem zupparius non debet Sal nimis facere ne pauperes homines aliquibus
415 1222 1952 1332 ad invencionibus novis opprimre Ne homines per nimiam ejus caristiam graventur
400 1294 1995 1413 Sed omnes vectores et homines quoslibet pro Sale venientes debent circa jura et conswe
416 1354 1966 1460 tudines antiquas dimittere nec eos gravaminibus noviter inventis aut inveniendis oppri
412 1401 1944 1503 mere Quodque idem zupparius vias pontes et ittinera destincta juxta modum in locis ab
410 1457 1913 1553 antiquo tentis reformare aptare preparare et rectificare tenebitur ut melior et
418 1525 1960 1604 tucior accessus vectoribus et aliis pro Sale venientibus prebeatur Item laboratores
403 1572 2004 1657 debet in eorum salario et precio sine dilacione et negligencia quandocunque laboraverunt expedire
400 1632 1996 1716 Et ipsi laboratores juxta consvetudines solitas in montibus absque contradiccione laborare
406 1680 1922 1784 debebunt Ceterum circa vendicionem Salis hominibus Regni nostro tam nobilibus quam
373 1738 1911 1822 vulgaribus ab antiquis conswetudinibus et moribus Non recedit quovis modo Item
379 1789 2021 1893 ne contingat in posterum propter ambiguitatem salariorum Scilicet marszalczii et Thezaurarii
418 1853 1963 1945 nostrorum et ipsius thezaurarii equorum quod debeant in pabulis zupparum collocare tam
418 1904 1947 1995 in racionibus quam aliunde cavillari Decernimus quod per prelatos et Barones nostros ad
415 1961 1917 2047 racionem faciendam cum dicto zuppario deputandos istius dubii materia decidatur et
413 2014 1960 2116 cognoscatur an Solaria predicta cum antiquis que nobis ad racionem nostram
394 2073 1975 2167 non ponuntur vel cum novis que nobis in racionibus poni consweverunt debeant com
412 2124 1927 2215 putari Et quod equi pro Thezaurario predicto pabulari Si autem predicto zuppario
415 2189 1902 2278 decidetur quod ipsi ista Salaria in Racione ponerentur ad alios zupparios quibus
420 2231 1926 2372 iterum imposterum contingat zuppas convenire volumus istam recognicionem trans
420 2301 1861 2405 ferre sed in nostro et nostrorum successorum arbitrio et dispoicione remanebit
419 2362 1863 2454 preterea Statuimus decrevimus volumusque inviolabiliter observare super quo
429 2406 1924 2504 ipsum zupparum medio corporali juramento oneravimus districte inhibentes
411 2464 1851 2560 ut decerto ipse zupparius nulli penitus hominum cujuscunque status preemiencie
425 2533 1934 2622 condicionis aut dignitatis existant labores inprefatis zuppis exercere admittat
416 2601 2012 2690 Sed solus per se et per suos officiales eosdem zupparum labores continuat et laborere
364 2655 1869 2739 Dum tamen ut absit in contrarium fecit̕ extunc prout exnunc presentem arendam
419 2719 1834 2815 nostram et racionem futuram cum eo faciendum anulamus et cassamus per presentes
295 2781 1846 2886 Eciam statuimus firmiter per ipsum zupparium observandum ut deinceps nullum
426 2834 1860 2935 suum creditorem Sale debeat neque presumant evadere Sed Sal solus
403 2898 1836 3001 vendens peccunis vendens evadat Item volumus id per ipsum zupparium
410 2956 1843 3041 firmiter observari et teneri ut per nullum suum familiarem Sal
418 2998 1914 3113 sue proprium sive alienum in depositorio Cracoviensi directe sive indirecte per se
