2597 3500
510 407 2363 738 Prefatum Zupparium ad solvenda debita priorum Zuppariorum vel quittaciones
782 610 2238 693 renovatas compellere Item volentes ut zupparius predictus a dampnis
759 657 2197 741 et gravaminibus redderetur immunis Cum ex officio ipsius non debet
689 709 2227 815 incomoda sentire sed profectus ordinamus disponimus per presentes quod sibi si divina
671 765 2190 858 permissione durante arendacione ipsius in Regno nostro Gwerre pestilencie
672 820 2204 911 vel fames orirentur propterque ipse zupparius dampnis non careret hec tunc
655 873 2244 970 debent ac dampna in racionibus nostris per octo personas videlicet Quatuor nobiles
654 929 2212 1017 et totidem Consules Civitatis Cracoviensis quos hincinde cum dicta zuppario ele
648 984 2227 1082 gamus compensari prout illi octo Deum et justiciam pre oculis habentes diffi
652 1030 2227 1128 nient et decident quorum pronunciacioni tam nos quam zupparius predictus obe
657 1087 2182 1176 dire debebimus et parere Item volumus ut singulis arendacionis
658 1151 2269 1240 annis raciocinistas nostros ad recpiendum abeo de expositis racionem de sedecim
655 1205 2192 1285 milibus marcarum et ruod de eisdem expositis per eundem detur et recognicio sub
662 1251 2220 1360 Sigillo nostro Cetero Capitaneo et Succamerario Cracoviensi qui pro tempore fuerint
663 1315 2152 1399 et aliis offcialibus nostris mandamus quatinus prefatum zupparium nostrum ab omnibus
636 1371 2192 1463 violenciis et oppressionibus debeant pagere et tueri quando et quociens per ipsum
664 1425 2230 1521 fuerint requisiti nichilominus attribuentes prefatis Capitaneis nostris pro tempore existentibus
673 1480 2179 1570 et qui presentibus fuerint requisiti plenam potestatem Iniuriatores offensores
673 1528 2250 1626 et violatores quos coram ipsis nominavit arcendi Castigandi et corrigendi
655 1583 2181 1683 juxta eorum excessus qualitatem Eo tamen specialit interserto et expresso quod
666 1634 2362 1725 idem Nicolaus Seraphin zupparius noster omnes defectus zupparum et ruinas ruinas
664 1695 2200 1779 Salisfodinarum seu montanorum aut edificiorum et domorum super terram et
668 1748 2226 1849 subterra In omnibusque reformari poterunt juxta informacionem Succamerarii
669 1795 2191 1896 et magistri moncium facere reformare ratificare et restaurare tenebitur propriis
658 1861 2220 1948 peccuniis fatigis et expensis perata montana debita moderamine emen
668 1907 2238 1997 dare et in ipsis novum Sal fideliter inveniendo et querendo Postremo nullum
662 1968 2188 2047 Sal extraneum videlicet Saxonicum Pynka et Ruthenicum ad loca ubi Sal
654 2022 2224 2102 Veliciense et Bochnense duci solet ducere aut ipso uti permittimus et tenore presen
660 2077 2195 2165 cium inhibemus decernentes quod ubicunque Sal hujusmodi repertum fuerit per zup
662 2132 2164 2234 parium vel ejus nuncios et vectores Illud cum curribus aquis submergatur
657 2197 2228 2276 Omnes autem Capitaneos Consules Civitatum et alios officiales nostros qui fuerint
658 2251 2267 2349 ad hoc requisiti Quod in solucione peccuniarum quas nobis solvere de zuppis obligantur
678 2299 2200 2389 duntaxat Quitaciones nostras et non aliorum debet obligamus ut ipsus ad
677 2351 2148 2428 recipiendum Sal hujusmodi et venditores capiendos quociens opus fuerit
676 2390 2171 2496 auxilia Consilia et favores continuo ministrarent Deinde zuppario predicto
688 2453 2218 2542 consentimus quod in solucione pecuniarum quas nobis solvere de Zuppis obligantur
676 2513 2234 2588 duntaxat quittaciones nostras et non aliorum debet recipere In hoc tamen intendimus
624 2563 2222 2637 jure alicujus si habuerit aliquis racione suorum salariorum aliquatenus dero
631 2607 2189 2703 gare Preterea cupientes futurarum altercacionum et cavillacionum incomodis
682 2658 2132 2750 que circa raciones plerumque committebantur occurere Et in eis debitum
703 2704 2156 2798 facere moderamen Cum eodem Nicolao Seraphin taliter convenimus Quod
701 2770 2180 2857 salario perpetua et signanter Eclesiarum Gneznensis Cracoviensis Bochnensis
687 2825 2196 2906 Amechowiensis Nyepolomycznensis Eciam salaria que Bergrecht dicuntur
697 2890 2225 2969 et zalanca Thoporowye et Salaria Castellani pallatni Cancellariique
693 2941 2176 3023 Regni et Succamerarii Cracoviensis nunquam nobis debent poni ad racionem
658 2993 2195 3094 Eciam idem Nicolaus zupparius tempore quo eas zuppas tenuerit taliter
