<?xml version="1.0" encoding="UTF-8" standalone="yes"?>
<PcGts xmlns="http://schema.primaresearch.org/PAGE/gts/pagecontent/2013-07-15" xmlns:xsi="http://www.w3.org/2001/XMLSchema-instance" xsi:schemaLocation="http://schema.primaresearch.org/PAGE/gts/pagecontent/2013-07-15 http://schema.primaresearch.org/PAGE/gts/pagecontent/2013-07-15/pagecontent.xsd">
    <Metadata>
        <Creator>prov=University of Rostock/Institute of Mathematics/CITlab|PLANET AI GmbH/Gundram Leifert/gundram.leifert@planet-ai.de:name=Gothic_Book_Scripts_XIII-XV_M4(htr_id=19285)::::v=2.6.7
prov=University of Rostock/Institute of Mathematics/CITlab|PLANET AI GmbH/Tobias Gruening/tobias.gruening@planet-ai.de:name=de.uros.citlab.module.baseline2polygon.B2PSeamMultiOriented:v=2.6.7
prov=University of Rostock/Institute of Mathematics/CITlab|PLANET AI GmbH/Tobias Gruening/tobias.gruening@planet-ai.de:name=/net_tf/LA73_249_0mod360.pb:de.uros.citlab.segmentation.CITlab_LA_ML:v=2.6.7
Transkribus</Creator>
        <Created>2022-11-07T01:56:07.912+01:00</Created>
        <LastChange>2023-03-18T21:45:31.705+01:00</LastChange>
        <TranskribusMetadata docId="1349613" pageId="52976573" pageNr="2" tsid="117092255" status="IN_PROGRESS" userId="110750" imgUrl="https://files.transkribus.eu/Get?id=JBWNIBRQYPDQVZUGKXLSBICO&amp;fileType=view" xmlUrl="https://files.transkribus.eu/Get?id=XFHEQBOFZOGBSUCZPZIVSUOZ" imageId="40332484"/>
    </Metadata>
    <Page imageFilename="PL_1_4_1-011_0259.jpg" imageWidth="2597" imageHeight="3500">
        <ReadingOrder>
            <OrderedGroup id="ro_1681816267579" caption="Regions reading order">
                <RegionRefIndexed index="0" regionRef="r4"/>
            </OrderedGroup>
        </ReadingOrder>
        <TextRegion orientation="0.0" id="r4" custom="readingOrder {index:0;}">
            <Coords points="567,334 567,3104 2232,3104 2232,334"/>
            <TextLine id="r4l2" custom="readingOrder {index:0;}">
                <Coords points="395,615 471,678 570,690 620,686 673,663 721,644 756,658 798,664 874,641 977,638 1059,636 1104,651 1153,637 1225,635 1302,656 1364,642 1501,661 1568,640 1641,653 1748,644 1804,660 1810,653 1846,645 1929,651 1944,660 1968,645 2088,649 2223,642 2224,573 2073,484 1927,544 1852,524 1809,458 1719,435 1593,524 1346,479 1104,415 934,393 820,478 729,492 497,496 396,560"/>
                <Baseline points="587,618 668,620 749,621 830,621 912,623 993,623 1074,624 1156,624 1237,624 1318,626 1400,626 1481,627 1562,627 1643,628 1725,629 1806,630 1887,630 1969,632 2050,632 2131,633 2213,635"/>
                <TextEquiv>
                    <Unicode>Depositis Salis consvetis cum quibus Ipsas Olim Petrus Picarani Mer</Unicode>
                </TextEquiv>
            </TextLine>
            <TextLine id="r4l3" custom="readingOrder {index:1;} corr {offset:22; length:7;}">
                <Coords points="662,695 799,690 1008,694 1241,689 1459,689 1633,692 1746,688 1803,713 1834,690 1899,697 2052,701 2131,691 2131,652 1959,648 1931,664 1865,641 1803,655 1776,642 1722,652 1643,652 1566,642 1502,658 1459,658 1356,642 1306,660 1247,634 1154,638 1111,662 1057,643 984,652 836,649 793,661 748,652 663,655"/>
                <Baseline points="567,671 644,674 722,677 799,678 877,680 955,681 1032,681 1110,681 1188,681 1265,681 1343,680 1421,680 1498,680 1576,678 1654,678 1731,678 1809,680 1887,680 1964,682 2042,684 2120,687"/>
                <TextEquiv>
                    <Unicode>cator de Veneciis dum viveret in humanis Strenui et nobiles Abraham</Unicode>
                </TextEquiv>
            </TextLine>
            <TextLine id="r4l4" custom="readingOrder {index:2;}">
                <Coords points="618,743 685,759 748,745 913,743 1063,739 1097,766 1132,740 1244,758 1329,739 1415,747 1625,746 1790,744 1858,748 1904,755 1926,742 2010,765 2040,750 2137,752 2152,726 2137,691 2061,699 2008,713 1891,713 1777,700 1649,693 1518,696 1380,694 1277,689 1248,700 1144,693 1024,699 885,705 728,703 618,698"/>
                <Baseline points="627,737 705,735 784,734 863,734 942,732 1021,732 1100,731 1179,731 1258,731 1337,731 1415,731 1494,731 1573,731 1652,731 1731,732 1810,732 1889,734 1968,735 2047,737 2126,738"/>
                <TextEquiv>
                    <Unicode>Niger Anthonius de Florenciis Nicolaus de Tharnowa Et ipse Nicolaus</Unicode>
                </TextEquiv>
            </TextLine>
            <TextLine id="r4l5" custom="readingOrder {index:3;} unclear {offset:46; length:1;}">
                <Coords points="637,798 771,804 911,803 1113,810 1230,803 1487,800 1764,796 1795,811 1832,805 1896,803 1912,806 1947,797 1993,824 2195,812 2223,795 2215,745 2026,754 2006,770 1929,744 1910,766 1850,761 1758,749 1605,752 1420,756 1327,738 1303,759 1238,761 1196,752 1138,751 1095,767 1050,745 995,748 908,747 883,763 715,758 640,756"/>
                <Baseline points="648,786 724,786 801,785 878,785 955,785 1032,785 1108,785 1185,785 1262,785 1339,786 1416,786 1492,786 1569,788 1646,788 1723,789 1800,790 1876,791 1953,792 2030,794 2107,795 2184,797"/>
                <TextEquiv>
                    <Unicode>Seraphin habuerunt gubernaverunt et in arenda a Serenissimis principibus dominis</Unicode>
                </TextEquiv>
            </TextLine>
            <TextLine id="r4l6" custom="readingOrder {index:4;}">
                <Coords points="621,827 638,857 674,859 731,844 763,866 828,851 909,865 1007,857 1246,861 1284,859 1328,859 1396,856 1505,851 1612,856 1682,848 1773,845 1826,851 1872,842 1936,848 2051,871 2158,853 2183,817 2132,805 2092,805 2053,809 1997,823 1906,806 1831,807 1790,813 1751,815 1648,801 1541,810 1350,803 1161,809 964,809 759,806 678,801 621,807"/>
                <Baseline points="630,834 705,836 781,837 857,837 933,837 1009,837 1085,837 1161,837 1237,836 1313,836 1389,836 1464,836 1540,836 1616,836 1692,836 1768,836 1844,837 1920,838 1996,839 2072,842 2148,843"/>
                <TextEquiv>
                    <Unicode>Wladislao genitore et Wladislao germano nostris Carissimis dive memorie</Unicode>
                </TextEquiv>
            </TextLine>
            <TextLine id="r4l7" custom="readingOrder {index:5;}">
                <Coords points="611,887 633,908 646,933 691,931 768,912 849,909 882,922 962,910 1030,924 1103,916 1173,904 1256,907 1384,897 1422,909 1568,899 1725,900 1764,905 1835,916 1880,905 1946,916 2221,931 2179,858 2058,875 1966,856 1869,849 1821,861 1767,856 1702,856 1638,851 1603,865 1544,863 1424,853 1372,861 1334,858 1280,874 1258,866 1184,863 1122,857 1047,865 930,854 893,868 843,857 813,867 756,863 686,868 635,868"/>
                <Baseline points="644,896 720,896 796,896 872,896 949,896 1025,894 1101,893 1177,891 1254,891 1330,890 1406,888 1482,887 1559,887 1635,887 1711,885 1787,887 1864,887 1940,888 2016,890 2092,892 2169,896"/>
                <TextEquiv>
                    <Unicode>Regibus Polonie possiderunt de Consilio Baronum nostrorum a festo Nativitatis</Unicode>
                </TextEquiv>
            </TextLine>
            <TextLine id="r4l8" custom="readingOrder {index:6;} unclear {offset:71; length:9;}">
                <Coords points="635,976 690,974 831,977 948,986 1042,960 1311,965 1494,951 1576,962 1611,964 1632,947 1690,954 1725,963 1815,954 1895,969 1918,969 2008,964 2082,977 2119,975 2195,961 2194,929 2092,919 1993,930 1922,915 1884,911 1840,921 1754,909 1683,906 1594,902 1549,903 1434,916 1362,900 1285,908 1214,907 1174,907 1100,918 1036,927 973,926 907,933 849,926 798,907 762,932 693,938 652,936"/>
                <Baseline points="657,962 733,959 809,956 886,953 962,951 1038,948 1115,947 1191,945 1267,944 1344,942 1420,941 1496,941 1573,940 1649,939 1725,941 1802,941 1878,942 1954,944 2031,945 2107,948 2184,951"/>
                <TextEquiv>
                    <Unicode>Marie Virginis proxime venturo ad Trium annorum decursum sese continue sequentem</Unicode>
                </TextEquiv>
            </TextLine>
            <TextLine id="r4l9" custom="readingOrder {index:7;}">
                <Coords points="630,1030 763,1031 1077,1022 1249,1031 1407,1022 1514,1012 1607,1022 1741,1013 1868,1020 2184,1016 2188,984 2070,972 1924,969 1848,973 1778,965 1714,966 1648,945 1606,970 1544,955 1494,974 1326,967 1209,972 1049,967 941,987 787,992 647,988"/>
                <Baseline points="641,1025 717,1020 794,1016 870,1011 947,1008 1024,1005 1100,1004 1177,1001 1254,999 1330,998 1407,998 1484,998 1560,998 1637,998 1714,999 1790,1001 1867,1002 1944,1004 2020,1005 2097,1008 2174,1011"/>
                <TextEquiv>
                    <Unicode>Convenimus arendavimus vendidimus et tenore presencium vendimus et arendamus</Unicode>
                </TextEquiv>
            </TextLine>
            <TextLine id="r4l10" custom="readingOrder {index:8;}">
                <Coords points="631,1089 780,1102 839,1088 989,1078 1028,1090 1053,1074 1124,1071 1144,1091 1164,1082 1263,1082 1374,1073 1451,1086 1502,1065 1617,1069 1691,1061 1736,1081 1800,1068 1911,1077 1970,1065 2004,1082 2048,1075 2096,1077 2142,1065 2209,1066 2197,1023 1943,1021 1815,1023 1621,1023 1552,1020 1352,1022 1239,1023 1157,1020 1078,1030 964,1031 907,1043 846,1034 775,1044 700,1040 631,1048"/>
                <Baseline points="642,1083 719,1078 796,1073 873,1068 950,1065 1028,1061 1105,1059 1182,1058 1259,1056 1336,1055 1414,1055 1491,1055 1568,1055 1645,1055 1722,1055 1800,1055 1877,1056 1954,1056 2031,1058 2108,1058 2186,1058"/>
                <TextEquiv>
                    <Unicode>eidem Nicolao Seraphin singulis annis pro Sedecim milibus marcarum monete</Unicode>
                </TextEquiv>
            </TextLine>
            <TextLine id="r4l11" custom="readingOrder {index:9;}">
                <Coords points="644,1153 730,1148 827,1143 886,1145 1007,1124 1111,1143 1210,1141 1291,1121 1363,1131 1431,1124 1487,1137 1593,1121 1781,1121 1902,1124 1932,1152 1950,1119 2126,1128 2206,1130 2206,1082 2144,1070 2089,1082 2041,1069 2007,1090 1910,1085 1849,1067 1792,1070 1732,1085 1687,1067 1630,1064 1599,1083 1525,1071 1458,1085 1433,1076 1269,1087 1166,1081 1154,1096 1122,1094 1065,1083 1027,1090 955,1086 796,1102 716,1106 644,1094"/>
                <Baseline points="654,1133 731,1128 808,1124 885,1121 962,1118 1039,1116 1116,1113 1193,1112 1270,1110 1347,1109 1424,1107 1501,1107 1578,1107 1655,1107 1732,1107 1809,1109 1886,1109 1963,1110 2040,1112 2117,1113 2195,1115"/>
                <TextEquiv>
                    <Unicode>currentis numeri vero quadraginta octo grossos in quamlibet marcam computando Cum</Unicode>
                </TextEquiv>
            </TextLine>
            <TextLine id="r4l12" custom="readingOrder {index:10;}">
                <Coords points="646,1193 725,1189 754,1195 816,1183 918,1186 968,1197 1056,1186 1103,1187 1221,1195 1251,1177 1297,1183 1342,1167 1372,1183 1424,1177 1480,1176 1606,1183 1651,1189 1686,1171 1730,1167 1791,1183 1823,1201 1858,1184 2207,1183 2212,1135 1946,1124 1923,1139 1842,1136 1679,1125 1599,1136 1481,1136 1426,1118 1397,1135 1265,1134 1199,1145 1087,1136 955,1148 873,1142 814,1156 684,1147 646,1152"/>
                <Baseline points="657,1182 734,1180 811,1176 888,1173 966,1170 1043,1168 1120,1166 1197,1164 1275,1164 1352,1163 1429,1163 1506,1163 1584,1163 1661,1163 1738,1164 1815,1164 1893,1166 1970,1167 2047,1170 2124,1173 2202,1175"/>
                <TextEquiv>
                    <Unicode>tercia parte latorum grossorum Pragensium aut excrescenciis pro nostra moneta veni</Unicode>
                </TextEquiv>
            </TextLine>
            <TextLine id="r4l13" custom="readingOrder {index:11;}">
                <Coords points="648,1243 768,1242 972,1234 1123,1246 1216,1234 1267,1239 1305,1256 1322,1230 1471,1235 1543,1243 1589,1235 1630,1243 1736,1235 1775,1244 1846,1246 1906,1244 1977,1241 2028,1254 2085,1245 2113,1257 2152,1250 2204,1285 2231,1193 2206,1188 2071,1190 1918,1185 1841,1194 1797,1180 1668,1189 1508,1183 1383,1184 1346,1172 1302,1195 1269,1187 1230,1198 1168,1196 1075,1188 993,1198 919,1195 828,1181 787,1200 751,1195 648,1206"/>
                <Baseline points="659,1233 735,1232 812,1229 889,1227 966,1226 1043,1224 1119,1223 1196,1221 1273,1220 1350,1220 1427,1218 1503,1218 1580,1218 1657,1220 1734,1220 1811,1221 1887,1223 1964,1224 2041,1226 2118,1229 2195,1232"/>
                <TextEquiv>
                    <Unicode>entibus vel in auro Hungaricali puri et justi ponderis nobis aut nostris succes</Unicode>
                </TextEquiv>
            </TextLine>
            <TextLine id="line_1667782754021_1680" custom="readingOrder {index:12;}">
                <Coords points="647,1316 666,1328 693,1301 848,1302 922,1293 987,1312 1113,1296 1145,1309 1236,1288 1369,1292 1515,1284 1699,1290 1813,1289 1882,1300 1939,1289 2007,1288 2050,1309 2090,1297 2162,1277 2140,1257 2092,1246 2022,1257 1946,1250 1895,1240 1796,1246 1753,1245 1672,1239 1600,1246 1590,1237 1560,1239 1517,1238 1416,1244 1320,1233 1300,1259 1276,1243 1213,1243 1152,1242 1097,1245 1058,1250 978,1245 920,1260 748,1256 653,1257"/>
                <Baseline points="657,1296 731,1291 806,1287 880,1283 955,1280 1029,1277 1104,1275 1178,1272 1253,1271 1327,1271 1402,1271 1477,1269 1551,1271 1626,1271 1700,1272 1775,1272 1849,1274 1924,1275 1998,1278 2073,1280 2148,1281 2187,1281 2202,1283"/>
                <TextEquiv>
                    <Unicode>soribus omnis singulis predictorum trium annorum dandis tradendis et cum effectu</Unicode>
                </TextEquiv>
            </TextLine>
            <TextLine id="r4l16" custom="readingOrder {index:13;} unclear {offset:10; length:6;}">
                <Coords points="669,1356 671,1389 724,1360 823,1367 999,1350 1126,1356 1275,1348 1429,1354 1452,1365 1572,1354 1697,1344 1816,1344 1908,1344 1965,1342 2031,1361 2242,1344 2242,1303 2221,1281 2166,1290 2134,1292 2095,1295 2057,1308 2002,1308 1959,1295 1893,1302 1852,1297 1749,1296 1646,1288 1547,1295 1458,1288 1379,1302 1326,1298 1237,1296 1192,1304 1129,1315 1072,1304 981,1317 942,1315 908,1304 874,1299 865,1318 814,1314 799,1324 743,1319 692,1321 669,1322"/>
                <Baseline points="665,1352 743,1350 821,1346 900,1343 978,1340 1056,1338 1135,1335 1213,1332 1291,1330 1370,1328 1448,1326 1526,1325 1605,1325 1683,1325 1761,1325 1840,1325 1918,1326 1996,1328 2075,1331 2153,1333 2232,1337"/>
                <TextEquiv>
                    <Unicode>solvendis ...ita videlicet quod qualibet anno predictorum trium annorum Sedecim milia marcarum</Unicode>
                </TextEquiv>
            </TextLine>
            <TextLine id="r4l17" custom="readingOrder {index:14;}">
                <Coords points="652,1428 734,1426 795,1431 847,1414 929,1421 1020,1418 1099,1409 1150,1418 1236,1405 1270,1407 1316,1401 1420,1401 1470,1409 1536,1404 1581,1400 1648,1408 1712,1393 1856,1392 1875,1402 1935,1394 1968,1390 2233,1391 2256,1351 2126,1362 1973,1350 1934,1347 1803,1343 1702,1342 1518,1352 1439,1361 1346,1352 1278,1362 1138,1364 992,1362 875,1367 761,1383 674,1376"/>
                <Baseline points="662,1415 739,1411 816,1407 893,1403 971,1400 1048,1397 1125,1394 1202,1390 1280,1388 1357,1386 1434,1385 1511,1383 1589,1382 1666,1381 1743,1380 1820,1380 1898,1382 1975,1382 2052,1383 2129,1386 2207,1388"/>
                <TextEquiv>
                    <Unicode>hoc est ad quelibet quatuor tempora cujuslibet anni per quatuor milia marcarum pro thezauro nostro</Unicode>
                </TextEquiv>
            </TextLine>
            <TextLine id="r4l18" custom="readingOrder {index:15;}">
                <Coords points="628,1470 644,1510 683,1507 785,1479 935,1474 1069,1457 1232,1460 1264,1467 1319,1455 1331,1466 1374,1449 1459,1449 1488,1459 1526,1450 1657,1447 1720,1451 1836,1443 1882,1455 1954,1451 2234,1459 2278,1396 2136,1393 1937,1401 1894,1404 1851,1396 1818,1404 1678,1398 1639,1409 1538,1400 1462,1412 1369,1416 1295,1402 1266,1415 1178,1418 1134,1419 1055,1412 988,1423 918,1422 814,1431 723,1436 639,1444"/>
                <Baseline points="654,1473 732,1467 810,1463 889,1458 967,1454 1046,1451 1124,1448 1203,1445 1281,1442 1360,1440 1438,1437 1516,1436 1595,1434 1673,1433 1752,1433 1830,1431 1909,1431 1987,1431 2066,1431 2144,1431 2223,1433"/>
                <TextEquiv>
                    <Unicode>Regio Et ad quittatciones Solaria principum Spiritualium dignitariorum Secularium ad ipsorum</Unicode>
                </TextEquiv>
            </TextLine>
            <TextLine id="r4l19" custom="readingOrder {index:16;}">
                <Coords points="653,1561 740,1553 860,1533 1083,1532 1177,1512 1509,1515 1587,1493 1710,1510 1735,1511 1886,1497 1951,1501 2030,1511 2128,1509 2232,1511 2219,1471 2092,1456 1964,1453 1792,1444 1768,1441 1726,1454 1662,1454 1591,1453 1495,1462 1448,1458 1375,1467 1312,1459 1256,1472 1128,1471 986,1473 926,1483 850,1487 778,1500 702,1510 651,1514"/>
                <Baseline points="662,1535 739,1530 816,1526 894,1521 971,1515 1049,1511 1126,1506 1203,1503 1281,1499 1358,1495 1436,1492 1513,1490 1590,1487 1668,1485 1745,1485 1823,1484 1900,1485 1977,1485 2055,1487 2132,1490 2210,1493"/>
                <TextEquiv>
                    <Unicode>recogniciones dare et expedire debebit Et de hiis nobis facere tenebitur quolibet anno</Unicode>
                </TextEquiv>
            </TextLine>
            <TextLine id="r4l20" custom="readingOrder {index:17;}">
                <Coords points="652,1602 762,1599 818,1587 917,1600 961,1604 1057,1588 1119,1596 1192,1579 1269,1585 1326,1573 1391,1590 1467,1570 1515,1567 1597,1579 1651,1579 1717,1567 1794,1560 1858,1547 1927,1572 1970,1557 2222,1585 2225,1517 1943,1514 1855,1513 1732,1523 1632,1525 1534,1515 1377,1529 1181,1528 1072,1533 1021,1543 906,1537 784,1542 705,1566 652,1560"/>
                <Baseline points="663,1593 740,1589 817,1584 895,1580 972,1576 1050,1572 1127,1568 1204,1563 1282,1560 1359,1557 1437,1554 1514,1551 1591,1548 1669,1547 1746,1547 1824,1547 1901,1547 1978,1548 2056,1550 2133,1553 2211,1557"/>
                <TextEquiv>
                    <Unicode>racionem demptis aliquibus quatuor temporibus aliquibus personis de jure solvi ac in racionem</Unicode>
                </TextEquiv>
            </TextLine>
            <TextLine id="r4l21" custom="readingOrder {index:18;}">
                <Coords points="653,1666 715,1666 735,1671 790,1661 878,1659 954,1646 1050,1647 1104,1647 1168,1636 1311,1631 1371,1634 1440,1624 1495,1635 1551,1625 1684,1624 1763,1631 1796,1604 1904,1619 1959,1614 2089,1644 2204,1623 2203,1576 1985,1559 1943,1571 1875,1564 1787,1561 1707,1571 1652,1582 1576,1577 1497,1561 1463,1583 1390,1593 1300,1593 1232,1595 1147,1604 1080,1593 962,1607 872,1607 810,1586 778,1611 652,1625"/>
                <Baseline points="663,1647 739,1645 816,1641 892,1638 969,1634 1045,1629 1122,1626 1198,1622 1275,1618 1351,1614 1428,1611 1504,1608 1581,1605 1657,1604 1734,1604 1810,1602 1887,1602 1963,1604 2040,1607 2116,1610 2193,1614"/>
                <TextEquiv>
                    <Unicode>computari conswetis Septimanis Si quas in priori arenda fratris nostri habuerit liberas</Unicode>
                </TextEquiv>
            </TextLine>
            <TextLine id="line_1667782762379_1690" custom="readingOrder {index:19;}">
                <Coords points="665,1740 711,1726 783,1736 824,1725 886,1710 941,1720 1044,1709 1102,1721 1176,1702 1276,1689 1418,1692 1495,1690 1591,1667 1689,1685 1726,1681 1778,1667 1839,1667 1924,1681 1959,1694 1974,1691 2011,1687 2042,1674 2124,1686 2174,1701 2200,1695 2200,1647 2168,1638 2108,1644 2004,1627 1860,1617 1801,1608 1769,1632 1684,1621 1586,1629 1494,1632 1395,1632 1354,1639 1276,1631 1244,1645 1169,1648 1115,1645 1092,1663 1032,1664 916,1673 818,1667 734,1677 711,1667 663,1665"/>
                <Baseline points="675,1704 748,1704 821,1703 895,1701 968,1697 1041,1694 1115,1690 1188,1686 1261,1680 1335,1676 1408,1671 1481,1667 1555,1664 1628,1661 1701,1659 1775,1659 1848,1660 1921,1662 1995,1666 2068,1672 2142,1680 2156,1673 2190,1670"/>
                <TextEquiv>
                    <Unicode>sibi defalcatis quibus ipsis gaudere volumus hoc adjecto specialiter et expresso Quod si</Unicode>
                </TextEquiv>
            </TextLine>
            <TextLine id="r4l24" custom="readingOrder {index:20;}">
                <Coords points="659,1778 736,1786 805,1776 873,1786 921,1772 1001,1765 1042,1762 1066,1777 1156,1744 1209,1787 1227,1773 1285,1762 1317,1771 1372,1753 1428,1747 1467,1723 1560,1737 1630,1737 1673,1737 1684,1767 1705,1759 1738,1727 1819,1724 1922,1748 1963,1732 2107,1754 2165,1755 2239,1748 2264,1742 2237,1687 2166,1702 2093,1679 2039,1667 2015,1696 1994,1697 1953,1694 1918,1683 1863,1687 1805,1667 1770,1684 1684,1699 1582,1688 1409,1700 1342,1709 1232,1706 1149,1715 1106,1721 1042,1725 986,1719 953,1738 911,1723 869,1727 804,1740 731,1733 697,1745 658,1743"/>
                <Baseline points="669,1767 747,1764 825,1761 903,1757 981,1753 1059,1748 1137,1745 1215,1740 1293,1737 1371,1733 1449,1730 1527,1727 1605,1724 1683,1721 1761,1719 1839,1719 1917,1719 1995,1719 2073,1722 2151,1725 2229,1728"/>
                <TextEquiv>
                    <Unicode>in quantum ipse Seraphin esset negligens vel remissus circa reformacionem zupparum</Unicode>
                </TextEquiv>
            </TextLine>
            <TextLine id="line_1667782782641_1702" custom="readingOrder {index:21;}">
                <Coords points="634,1834 676,1851 734,1833 852,1834 945,1838 1065,1826 1243,1825 1377,1806 1567,1801 1685,1804 1749,1795 1811,1778 1912,1796 1961,1810 2007,1802 2040,1805 2109,1795 2156,1805 2192,1816 2239,1819 2222,1759 2101,1753 1942,1755 1901,1750 1852,1745 1784,1738 1709,1739 1672,1754 1625,1743 1587,1751 1540,1751 1462,1763 1360,1756 1317,1768 1272,1764 1227,1779 1190,1769 1072,1773 1025,1768 932,1773 883,1790 829,1780 737,1792 642,1792"/>
                <Baseline points="645,1821 718,1820 791,1818 864,1817 937,1814 1011,1811 1084,1806 1157,1803 1230,1799 1303,1794 1377,1790 1450,1787 1523,1784 1596,1781 1669,1779 1743,1778 1816,1776 1889,1776 1962,1778 2035,1780 2109,1784 2127,1781 2155,1783 2184,1784"/>
                <TextEquiv>
                    <Unicode>predictarum et solucionem nobis faciendam arendacionis licebit nostre majestati ex</Unicode>
                </TextEquiv>
            </TextLine>
            <TextLine id="r4l27" custom="readingOrder {index:22;}">
                <Coords points="653,1889 708,1884 770,1895 816,1882 899,1899 986,1884 1184,1878 1228,1882 1287,1870 1345,1868 1372,1898 1401,1860 1555,1841 1638,1846 1709,1878 1759,1869 1861,1851 1947,1834 2026,1872 2169,1844 2168,1803 1979,1801 1963,1807 1924,1801 1870,1794 1809,1804 1707,1802 1633,1801 1583,1801 1503,1814 1397,1815 1339,1829 1245,1828 1170,1833 930,1845 847,1845 720,1839 651,1849"/>
                <Baseline points="662,1880 736,1879 811,1878 886,1875 961,1873 1036,1869 1111,1865 1186,1861 1261,1856 1336,1852 1411,1848 1485,1844 1560,1839 1635,1836 1710,1833 1785,1832 1860,1830 1935,1830 2010,1832 2085,1834 2160,1838"/>
                <TextEquiv>
                    <Unicode>honestate infra tres annos predictos sue arendacionis zuppas nostras Supradictas</Unicode>
                </TextEquiv>
            </TextLine>
            <TextLine id="r4l28" custom="readingOrder {index:23;}">
                <Coords points="666,1955 714,1941 763,1964 792,1947 870,1946 879,1964 928,1960 1023,1947 1078,1953 1180,1937 1312,1945 1407,1924 1611,1931 1811,1923 1955,1917 2199,1914 2197,1862 1986,1868 1966,1853 1934,1850 1880,1869 1755,1872 1650,1862 1557,1845 1508,1872 1430,1877 1366,1883 1253,1903 1143,1889 1106,1898 935,1909 858,1903 778,1900 719,1905 664,1898"/>
                <Baseline points="675,1938 751,1937 827,1935 903,1932 980,1929 1056,1926 1132,1924 1209,1921 1285,1919 1361,1915 1438,1913 1514,1911 1590,1908 1666,1907 1743,1905 1819,1904 1895,1904 1972,1904 2048,1904 2124,1905 2201,1907"/>
                <TextEquiv>
                    <Unicode>ab ipso recipere et melius earum comodo intendere volentibus arendare ut autem libe</Unicode>
                </TextEquiv>
            </TextLine>
            <TextLine id="r4l29" custom="readingOrder {index:24;}">
                <Coords points="653,1998 733,2000 816,1995 852,2020 887,2000 1006,1995 1065,1995 1086,2005 1105,2004 1115,1984 1156,2004 1231,1985 1310,2006 1388,1988 1473,1981 1566,1998 1640,1982 1726,1988 1756,1981 1840,1965 1906,1986 2016,2001 2156,1987 2161,1931 1942,1924 1890,1930 1859,1930 1798,1928 1664,1943 1463,1932 1373,1926 1327,1947 1247,1948 1148,1935 1118,1955 1072,1964 1001,1951 906,1964 879,1958 824,1960 762,1965 733,1958 701,1960 655,1961"/>
                <Baseline points="663,1989 737,1987 811,1985 885,1983 959,1982 1033,1979 1107,1977 1181,1976 1255,1974 1329,1971 1404,1970 1478,1968 1552,1968 1626,1967 1700,1967 1774,1967 1848,1967 1922,1967 1996,1968 2070,1970 2145,1973"/>
                <TextEquiv>
                    <Unicode>rius et securius zuppe predicte per ipsum Seraphin zupparium nostrum regantur</Unicode>
                </TextEquiv>
            </TextLine>
            <TextLine id="r4l30" custom="readingOrder {index:25;}">
                <Coords points="661,2067 772,2076 863,2068 1053,2052 1261,2043 1369,2049 1534,2045 1585,2057 1672,2043 1733,2028 1815,2065 1875,2039 1938,2043 1976,2074 2108,2049 2107,1990 1959,1995 1857,1987 1771,1979 1743,1990 1687,1990 1606,1989 1560,2007 1516,1989 1441,1967 1409,1983 1373,1993 1296,2012 1228,1993 1158,2002 1125,1987 1100,2005 1070,2003 1018,2014 928,2011 854,2028 760,2017 659,2010"/>
                <Baseline points="651,2052 723,2051 795,2049 867,2046 940,2044 1012,2041 1084,2039 1157,2036 1229,2034 1301,2031 1374,2030 1446,2027 1518,2026 1590,2025 1663,2024 1735,2024 1807,2024 1880,2025 1952,2025 2024,2028 2097,2031"/>
                <TextEquiv>
                    <Unicode>et dirigantur ac ducantur Volumus et decrevimus ipsum habere plenam potestatem</Unicode>
                </TextEquiv>
            </TextLine>
            <TextLine id="r4l31" custom="readingOrder {index:26;}">
                <Coords points="570,2122 571,2137 640,2127 716,2116 795,2124 825,2131 857,2125 934,2118 1029,2133 1058,2141 1089,2127 1161,2118 1253,2121 1350,2125 1434,2128 1474,2128 1619,2110 1762,2125 1838,2113 1931,2108 2059,2103 2112,2135 2148,2106 2190,2102 2193,2052 2119,2059 2038,2051 1984,2065 1877,2056 1819,2070 1782,2070 1682,2051 1611,2056 1518,2055 1367,2058 1184,2070 1095,2081 946,2067 817,2080 738,2072 639,2079"/>
                <Baseline points="650,2111 726,2109 803,2109 879,2108 956,2106 1033,2105 1109,2103 1186,2102 1263,2100 1339,2099 1416,2097 1493,2096 1569,2096 1646,2094 1723,2093 1799,2093 1876,2093 1953,2093 2029,2093 2106,2094 2183,2094"/>
                <TextEquiv>
                    <Unicode>Omnes officiales zupparum quocienscunque sibi videbitur deponendi et alios institu</Unicode>
                </TextEquiv>
            </TextLine>
            <TextLine id="r4l32" custom="readingOrder {index:27;}">
                <Coords points="658,2177 728,2174 894,2173 974,2176 1027,2184 1095,2189 1191,2175 1291,2168 1346,2180 1418,2170 1495,2176 1568,2168 1613,2198 1638,2172 1757,2174 1865,2173 1905,2180 1965,2163 2013,2168 2043,2180 2107,2165 2161,2177 2194,2187 2193,2122 2108,2128 2073,2112 1937,2115 1887,2114 1769,2131 1719,2127 1609,2127 1521,2129 1449,2122 1412,2135 1317,2132 1250,2126 1180,2133 1091,2127 1058,2145 1046,2138 966,2131 886,2122 840,2127 813,2140 790,2134 736,2133 658,2133"/>
                <Baseline points="668,2165 743,2163 819,2163 895,2162 971,2160 1046,2160 1122,2160 1198,2160 1274,2160 1349,2160 1425,2160 1501,2160 1577,2159 1652,2159 1728,2159 1804,2159 1880,2159 1955,2157 2031,2157 2107,2156 2183,2154"/>
                <TextEquiv>
                    <Unicode>endi vel loco eorum surrogandi pro beneplacito sue voluntatis non obstantibus</Unicode>
                </TextEquiv>
            </TextLine>
            <TextLine id="r4l33" custom="readingOrder {index:28;}">
                <Coords points="652,2236 716,2243 777,2242 806,2235 861,2225 930,2230 996,2238 1056,2241 1132,2232 1202,2217 1265,2234 1304,2225 1397,2226 1455,2238 1483,2230 1532,2225 1647,2233 1765,2233 1809,2241 1831,2240 1843,2224 1990,2216 2229,2225 2228,2187 2224,2166 2180,2182 2139,2181 2047,2179 1992,2170 1948,2179 1898,2183 1851,2178 1796,2180 1706,2182 1620,2191 1597,2187 1491,2177 1448,2186 1355,2181 1296,2178 1196,2177 1089,2190 1079,2188 1030,2185 982,2182 817,2187 697,2180 652,2188"/>
                <Baseline points="663,2220 740,2217 818,2216 896,2214 974,2213 1052,2211 1129,2211 1207,2211 1285,2211 1363,2211 1441,2211 1518,2211 1596,2211 1674,2211 1752,2211 1830,2211 1907,2211 1985,2211 2063,2210 2141,2208 2219,2207"/>
                <TextEquiv>
                    <Unicode>litteris personis quibuscunque datis vel concessis Salvo tamen officio Carbarii Bochnensis</Unicode>
                </TextEquiv>
            </TextLine>
            <TextLine id="r4l34" custom="readingOrder {index:29;} unclear {offset:50; length:8;}">
                <Coords points="656,2304 720,2283 777,2293 886,2289 944,2292 1073,2282 1227,2267 1325,2279 1410,2281 1537,2279 1649,2293 1732,2283 1802,2290 1862,2280 1918,2276 1963,2279 2175,2272 2174,2227 2083,2213 1995,2225 1943,2225 1839,2222 1812,2242 1778,2247 1704,2247 1633,2236 1546,2242 1431,2242 1344,2224 1259,2246 1142,2230 1069,2241 944,2237 827,2230 782,2246 721,2246 655,2239"/>
                <Baseline points="666,2280 744,2274 823,2270 902,2267 981,2265 1060,2264 1139,2262 1218,2262 1297,2264 1376,2264 1454,2265 1533,2266 1612,2267 1691,2267 1770,2268 1849,2268 1928,2267 2007,2265 2086,2262 2165,2258"/>
                <TextEquiv>
                    <Unicode>Qui suum ad tempora vite obtinet officium Qui cum pretacto zuppario de suo Salario</Unicode>
                </TextEquiv>
            </TextLine>
            <TextLine id="r4l35" custom="readingOrder {index:30;}">
                <Coords points="660,2368 697,2354 751,2370 777,2350 919,2349 1087,2349 1215,2322 1250,2340 1319,2326 1370,2339 1445,2332 1552,2323 1680,2353 1748,2334 1849,2342 1886,2365 1928,2338 2042,2335 2105,2336 2208,2336 2211,2296 2168,2272 1989,2293 1969,2282 1895,2283 1855,2276 1800,2294 1733,2282 1624,2299 1544,2287 1381,2284 1317,2282 1256,2271 1202,2271 1180,2287 1139,2290 1022,2291 909,2300 807,2311 733,2317 659,2305"/>
                <Baseline points="669,2343 744,2338 819,2333 894,2330 969,2327 1044,2325 1119,2323 1195,2322 1270,2321 1345,2321 1420,2321 1495,2321 1570,2319 1645,2319 1721,2319 1796,2319 1871,2318 1946,2318 2021,2316 2096,2313 2172,2312"/>
                <TextEquiv>
                    <Unicode>competenti modo debet concordare Itaque Carbarius predictus circa suum exposcendum</Unicode>
                </TextEquiv>
            </TextLine>
            <TextLine id="r4l36" custom="readingOrder {index:31;}">
                <Coords points="676,2445 770,2418 836,2428 918,2401 1053,2416 1148,2416 1241,2410 1273,2427 1359,2382 1473,2397 1493,2422 1577,2379 1725,2392 1771,2391 1773,2425 1797,2408 1826,2390 1894,2381 1962,2399 2076,2405 2189,2372 2188,2327 1957,2334 1892,2357 1874,2340 1819,2342 1750,2347 1680,2359 1580,2345 1460,2349 1377,2337 1334,2337 1273,2347 1184,2342 1096,2362 956,2349 900,2357 777,2358 749,2374 716,2372 663,2368"/>
                <Baseline points="663,2411 738,2406 814,2402 890,2397 966,2394 1041,2391 1117,2390 1193,2387 1269,2385 1344,2384 1420,2382 1496,2381 1572,2381 1647,2379 1723,2378 1799,2376 1875,2375 1950,2373 2026,2372 2102,2370 2178,2367"/>
                <TextEquiv>
                    <Unicode>servicium salarium apud ipsum zupparium non sit nimis excessivus Et si de per se</Unicode>
                </TextEquiv>
            </TextLine>
            <TextLine id="r4l37" custom="readingOrder {index:32;}">
                <Coords points="666,2475 772,2472 928,2469 962,2484 1026,2469 1206,2476 1412,2458 1526,2452 1637,2446 1659,2469 1714,2472 1866,2458 1897,2456 1948,2454 2190,2423 2198,2393 2159,2396 2116,2384 2078,2400 1944,2403 1840,2398 1790,2407 1768,2397 1737,2392 1687,2409 1611,2401 1558,2408 1495,2416 1452,2399 1416,2410 1390,2407 1275,2423 1203,2425 1137,2424 1072,2414 1032,2422 911,2422 851,2426 836,2439 821,2437 768,2442 665,2455"/>
                <Baseline points="675,2474 750,2468 825,2463 900,2459 975,2456 1050,2453 1125,2451 1200,2450 1275,2448 1350,2447 1425,2445 1500,2444 1575,2442 1650,2441 1725,2439 1800,2438 1875,2435 1950,2432 2025,2427 2100,2423 2175,2418"/>
                <TextEquiv>
                    <Unicode>concordare non poterunt Succameraris bono modo si poterit debet eos concordare</Unicode>
                </TextEquiv>
            </TextLine>
            <TextLine id="r4l38" custom="readingOrder {index:33;}">
                <Coords points="645,2556 734,2556 833,2562 939,2531 1040,2532 1135,2530 1237,2519 1318,2541 1387,2525 1491,2532 1558,2509 1663,2520 1711,2534 1766,2526 1846,2518 1915,2537 1938,2531 1974,2515 2057,2540 2198,2506 2197,2425 1961,2460 1897,2468 1769,2465 1700,2471 1658,2457 1609,2446 1557,2471 1483,2455 1438,2470 1372,2467 1327,2463 1274,2478 1217,2481 1045,2482 957,2495 933,2476 904,2475 886,2490 749,2501 644,2501"/>
                <Baseline points="656,2535 732,2531 809,2528 885,2524 962,2520 1039,2519 1115,2516 1192,2513 1269,2511 1345,2510 1422,2508 1499,2507 1575,2505 1652,2504 1729,2502 1805,2501 1882,2500 1959,2499 2035,2498 2112,2496 2189,2495"/>
                <TextEquiv>
                    <Unicode>Et ne per varia judicia et Calumpnias litigancium prefatum zupparium succumbere</Unicode>
                </TextEquiv>
            </TextLine>
            <TextLine id="r4l39" custom="readingOrder {index:34;}">
                <Coords points="658,2606 768,2613 845,2605 916,2598 1043,2603 1084,2611 1149,2602 1267,2600 1364,2610 1448,2598 1559,2599 1736,2593 1767,2593 1855,2579 1939,2588 1973,2594 1987,2586 2130,2605 2166,2532 2056,2544 1976,2529 1919,2533 1830,2529 1740,2538 1685,2528 1576,2535 1520,2542 1382,2544 1301,2540 1195,2547 1116,2538 1061,2545 980,2538 914,2550 838,2562 738,2569 656,2557"/>
                <Baseline points="668,2597 742,2595 817,2592 891,2589 966,2587 1041,2585 1115,2582 1190,2580 1264,2577 1339,2576 1414,2574 1488,2571 1563,2570 1637,2568 1712,2567 1787,2565 1861,2565 1936,2564 2010,2564 2085,2562 2160,2562"/>
                <TextEquiv>
                    <Unicode>contingat et circa reformacionem zupparum negligentes esse et remissum vo</Unicode>
                </TextEquiv>
            </TextLine>
            <TextLine id="r4l40" custom="readingOrder {index:35;}">
                <Coords points="661,2668 784,2675 827,2673 921,2659 981,2661 1019,2678 1051,2657 1110,2663 1220,2669 1301,2663 1353,2667 1501,2660 1618,2659 1735,2662 1842,2658 1924,2659 1947,2654 2144,2661 2148,2600 1970,2599 1884,2592 1796,2580 1749,2597 1673,2604 1484,2609 1346,2611 1177,2606 1102,2608 1019,2613 867,2615 721,2616 660,2611"/>
                <Baseline points="672,2657 745,2655 818,2652 891,2651 964,2649 1037,2646 1110,2645 1183,2643 1256,2640 1329,2639 1402,2637 1475,2636 1548,2634 1621,2633 1694,2631 1767,2630 1840,2630 1913,2630 1986,2630 2059,2630 2133,2631"/>
                <TextEquiv>
                    <Unicode>lumus quod citatus per quemcunque personam et pro quibuscunque personis causis</Unicode>
                </TextEquiv>
            </TextLine>
            <TextLine id="r4l41" custom="readingOrder {index:36;}">
                <Coords points="683,2735 794,2729 897,2730 968,2724 995,2726 1072,2728 1210,2717 1364,2711 1521,2703 1714,2707 1780,2718 1883,2700 1972,2706 2047,2705 2106,2720 2179,2698 2199,2656 2095,2661 1964,2651 1935,2660 1869,2657 1805,2663 1770,2653 1664,2668 1542,2663 1476,2653 1347,2666 1259,2667 1147,2670 1093,2668 1043,2660 1013,2686 966,2681 918,2691 749,2687 677,2697"/>
                <Baseline points="693,2721 766,2717 840,2712 914,2710 988,2706 1062,2703 1135,2700 1209,2698 1283,2696 1357,2694 1431,2693 1504,2691 1578,2691 1652,2690 1726,2690 1800,2690 1873,2690 1947,2690 2021,2691 2095,2692 2169,2693"/>
                <TextEquiv>
                    <Unicode>et coram quibuscunque judicibus Regni nostri minime respondeat nec aliquas</Unicode>
                </TextEquiv>
            </TextLine>
            <TextLine id="r4l42" custom="readingOrder {index:37;}">
                <Coords points="664,2822 685,2819 734,2793 822,2788 861,2808 920,2791 1083,2781 1267,2762 1382,2762 1454,2772 1568,2768 1612,2792 1633,2797 1675,2760 1781,2749 1822,2766 1897,2766 1925,2757 1993,2769 2155,2768 2170,2720 1959,2717 1887,2723 1784,2727 1727,2718 1646,2716 1542,2717 1452,2712 1370,2725 1202,2722 1115,2723 1058,2739 984,2738 865,2746 724,2753 667,2753"/>
                <Baseline points="672,2777 746,2774 820,2772 894,2771 968,2768 1042,2766 1116,2763 1190,2762 1264,2759 1338,2757 1413,2755 1487,2753 1561,2752 1635,2751 1709,2750 1783,2750 1857,2750 1931,2751 2005,2753 2079,2754 2154,2756"/>
                <TextEquiv>
                    <Unicode>penas proinde relacione contumacione nobis persolvat ac judicibus vel</Unicode>
                </TextEquiv>
            </TextLine>
            <TextLine id="r4l43" custom="readingOrder {index:38;}">
                <Coords points="678,2848 794,2846 855,2850 880,2850 937,2834 1040,2832 1151,2835 1279,2832 1390,2833 1429,2834 1459,2858 1518,2816 1846,2867 1990,2818 2045,2860 2072,2864 2137,2848 2188,2830 2197,2789 2090,2785 1982,2771 1940,2756 1893,2781 1848,2781 1797,2787 1708,2781 1654,2789 1620,2789 1506,2785 1413,2773 1364,2779 1265,2782 1171,2789 1078,2801 973,2791 911,2805 846,2811 781,2805 731,2799 697,2816 678,2818"/>
                <Baseline points="689,2835 763,2834 838,2832 913,2832 988,2830 1063,2828 1138,2826 1213,2825 1288,2822 1363,2820 1438,2819 1512,2817 1587,2816 1662,2816 1737,2814 1812,2814 1887,2814 1962,2816 2037,2816 2112,2819 2187,2822"/>
                <TextEquiv>
                    <Unicode>illis a quibus citabitur Sed tantummodo sit astrictus respondere de se que</Unicode>
                </TextEquiv>
            </TextLine>
            <TextLine id="line_1667782806455_1726" custom="readingOrder {index:39;}">
                <Coords points="682,2903 798,2905 884,2900 995,2901 1179,2895 1271,2905 1308,2914 1392,2901 1561,2898 1687,2915 1708,2910 1749,2891 1888,2897 1971,2897 1992,2892 2128,2904 2127,2859 2045,2862 1991,2839 1956,2852 1854,2842 1807,2851 1755,2857 1660,2841 1579,2856 1519,2848 1458,2858 1387,2854 1250,2862 1241,2867 1133,2840 1021,2851 878,2858 767,2857 677,2869"/>
                <Baseline points="693,2892 764,2892 835,2891 906,2889 977,2888 1048,2886 1119,2886 1190,2885 1261,2884 1332,2883 1403,2883 1474,2882 1545,2882 1616,2882 1687,2882 1758,2883 1829,2883 1900,2883 1971,2885 2042,2886 2114,2888 2129,2892 2162,2895 2195,2898"/>
                <TextEquiv>
                    <Unicode>rulantibus coram nostra majestate vel cui alteri specialiter comiserimus</Unicode>
                </TextEquiv>
            </TextLine>
            <TextLine id="r4l46" custom="readingOrder {index:40;}">
                <Coords points="677,2989 712,2973 761,2959 893,2959 991,2956 1096,2960 1209,2961 1226,2988 1307,2940 1382,2965 1456,2954 1521,2956 1632,2956 1717,2946 1928,2951 2000,2956 2135,2961 2191,2953 2183,2905 2166,2875 2129,2901 2095,2900 2012,2899 1975,2893 1956,2919 1825,2905 1755,2893 1726,2915 1692,2918 1587,2905 1458,2901 1409,2911 1294,2911 1168,2902 1057,2910 884,2920 763,2915 677,2929"/>
                <Baseline points="686,2957 760,2954 834,2951 908,2949 983,2948 1057,2946 1131,2945 1206,2943 1280,2943 1354,2942 1429,2942 1503,2942 1577,2942 1651,2942 1726,2940 1800,2940 1874,2940 1949,2940 2023,2939 2097,2939 2172,2937"/>
                <TextEquiv>
                    <Unicode>judicandum Quem tunc si aliquid pene racione judicorum obligari</Unicode>
                </TextEquiv>
            </TextLine>
            <TextLine id="r4l47" custom="readingOrder {index:41;}">
                <Coords points="684,3040 785,3038 890,3027 961,3023 1007,3023 1030,3054 1060,3021 1138,3034 1213,3015 1324,3019 1341,3044 1388,3014 1501,3006 1600,3016 1678,3015 1759,3006 1820,3032 1847,3008 1928,3009 2051,3021 2136,3005 2144,2959 2108,2963 1990,2970 1933,2972 1806,2952 1695,2947 1632,2965 1555,2964 1471,2958 1442,2976 1347,2976 1245,2979 1175,2968 1112,2969 969,2968 920,2961 843,2970 816,2980 765,2984 684,2991"/>
                <Baseline points="695,3015 767,3014 839,3011 911,3009 983,3008 1055,3006 1127,3005 1199,3003 1271,3002 1343,3000 1415,2999 1487,2999 1559,2997 1631,2997 1703,2997 1775,2996 1847,2996 1919,2996 1991,2997 2063,2997 2135,2997"/>
                <TextEquiv>
                    <Unicode>contingint nullipiam sit in zuppis nostris inpignorandi facultas nisi de</Unicode>
                </TextEquiv>
            </TextLine>
            <TextLine id="r4l48" custom="readingOrder {index:42;}">
                <Coords points="659,3063 677,3106 1039,3125 1291,3116 1471,3061 1560,3108 1695,3063 1838,3105 2189,3065 2188,2990 2050,3016 1958,3021 1882,3001 1820,3026 1744,3010 1614,3012 1572,3020 1506,3008 1445,3017 1355,3032 1295,3024 1218,3034 1177,3034 1132,3041 1023,3048 976,3024 896,3046 762,3043 676,3062"/>
                <Baseline points="686,3089 760,3084 835,3080 909,3075 984,3072 1059,3069 1133,3066 1208,3065 1282,3062 1357,3060 1432,3059 1506,3057 1581,3056 1655,3056 1730,3056 1805,3054 1879,3054 1954,3054 2028,3054 2103,3056 2178,3056"/>
                <TextEquiv>
                    <Unicode>Voluntate nostra speciali Officiales vero ipsius coram ipso pro omnibus</Unicode>
                </TextEquiv>
            </TextLine>
            <TextEquiv>
                <Unicode>Depositis Salis consvetis cum quibus Ipsas Olim Petrus Picarani Mer&#13;
cator de Veneciis dum viveret in humanis Strenui et nobiles Abraham&#13;
Niger Anthonius de Florenciis Nicolaus de Tharnowa Et ipse Nicolaus&#13;
Seraphin habuerunt gubernaverunt et in arenda a Serenissimis principibus dominis&#13;
Wladislao genitore et Wladislao germano nostris Carissimis dive memorie&#13;
Regibus Polonie possiderunt de Consilio Baronum nostrorum a festo Nativitatis&#13;
Marie Virginis proxime venturo ad Trium annorum decursum sese continue sequentem&#13;
Convenimus arendavimus vendidimus et tenore presencium vendimus et arendamus&#13;
eidem Nicolao Seraphin singulis annis pro Sedecim milibus marcarum monete&#13;
currentis numeri vero quadraginta octo grossos in quamlibet marcam computando Cum&#13;
tercia parte latorum grossorum Pragensium aut excrescenciis pro nostra moneta veni&#13;
entibus vel in auro Hungaricali puri et justi ponderis nobis aut nostris succes&#13;
soribus omnis singulis predictorum trium annorum dandis tradendis et cum effectu&#13;
solvendis ...ita videlicet quod qualibet anno predictorum trium annorum Sedecim milia marcarum&#13;
hoc est ad quelibet quatuor tempora cujuslibet anni per quatuor milia marcarum pro thezauro nostro&#13;
Regio Et ad quittatciones Solaria principum Spiritualium dignitariorum Secularium ad ipsorum&#13;
recogniciones dare et expedire debebit Et de hiis nobis facere tenebitur quolibet anno&#13;
racionem demptis aliquibus quatuor temporibus aliquibus personis de jure solvi ac in racionem&#13;
computari conswetis Septimanis Si quas in priori arenda fratris nostri habuerit liberas&#13;
sibi defalcatis quibus ipsis gaudere volumus hoc adjecto specialiter et expresso Quod si&#13;
in quantum ipse Seraphin esset negligens vel remissus circa reformacionem zupparum&#13;
predictarum et solucionem nobis faciendam arendacionis licebit nostre majestati ex&#13;
honestate infra tres annos predictos sue arendacionis zuppas nostras Supradictas&#13;
ab ipso recipere et melius earum comodo intendere volentibus arendare ut autem libe&#13;
rius et securius zuppe predicte per ipsum Seraphin zupparium nostrum regantur&#13;
et dirigantur ac ducantur Volumus et decrevimus ipsum habere plenam potestatem&#13;
Omnes officiales zupparum quocienscunque sibi videbitur deponendi et alios institu&#13;
endi vel loco eorum surrogandi pro beneplacito sue voluntatis non obstantibus&#13;
litteris personis quibuscunque datis vel concessis Salvo tamen officio Carbarii Bochnensis&#13;
Qui suum ad tempora vite obtinet officium Qui cum pretacto zuppario de suo Salario&#13;
competenti modo debet concordare Itaque Carbarius predictus circa suum exposcendum&#13;
servicium salarium apud ipsum zupparium non sit nimis excessivus Et si de per se&#13;
concordare non poterunt Succameraris bono modo si poterit debet eos concordare&#13;
Et ne per varia judicia et Calumpnias litigancium prefatum zupparium succumbere&#13;
contingat et circa reformacionem zupparum negligentes esse et remissum vo&#13;
lumus quod citatus per quemcunque personam et pro quibuscunque personis causis&#13;
et coram quibuscunque judicibus Regni nostri minime respondeat nec aliquas&#13;
penas proinde relacione contumacione nobis persolvat ac judicibus vel&#13;
illis a quibus citabitur Sed tantummodo sit astrictus respondere de se que&#13;
rulantibus coram nostra majestate vel cui alteri specialiter comiserimus&#13;
judicandum Quem tunc si aliquid pene racione judicorum obligari&#13;
contingint nullipiam sit in zuppis nostris inpignorandi facultas nisi de&#13;
Voluntate nostra speciali Officiales vero ipsius coram ipso pro omnibus</Unicode>
            </TextEquiv>
        </TextRegion>
    </Page>
</PcGts>
