2625 3500
255 428 2027 611 De Cracovia qūcum ad articulos superius descriptos illese Permaneant et intacte
337 571 1948 660 Volumus eciam quod Salicide Cracoviensi non allibi quam circa zupparium nostrum aut suos
394 645 1984 735 officiales predictos Sal vendendum emere debent subamissione Salis quod alibi
397 710 1967 806 emerint harum quibus Sigillum nostrum presentibus est sub appensum testimonio
398 769 1969 862 litterarum Actum Cracovie feria Quinta ante festum Sancti Georgii
401 829 2006 941 Anno Domini millesimo quadringentesimo quinquagesimo sexto Presentibus Reverendo
395 894 2046 1025 in Christo patre domino Thoma Episcopo Johanne de Czisow Castellano et Capitaneo
349 973 2035 1083 Johanne de Thanczyn Cracoviensibus Johanne de Olesztnycza Sandomriensi
404 1027 2109 1180 Andrea Odrowasz de Sprowa Leopoliensi palatinis Przedborio de Conyecz
257 1126 2038 1241 pole Sandomiriensi Hyncza de Rogow Regni Polonie Vicethezaurario et Sira
389 1194 1971 1313 diensi Creslao de Curoswanky Lublinensi Castellanis et magnificis et
397 1266 1954 1373 Generosis circa premissa Datum per manus venerabilis Johannis Luthkonis de
374 1324 2009 1456 Brzeszie utriusque juris doctoris Sacri Appostolici pallacii Causarum auditoris ar
409 1408 1518 1530 chidiaconi Gneznensis et Regni Polonie vicecancellarii
1026 1536 2004 1678 Relacio ejusdem venerabilis Johannis Luthkonis de
1041 1623 1965 1740 Brzeszie utriusque juris doctoris archidiaconi Gneznensis
1044 1690 2069 1805 Sacri Appostolici pallacii Causarum auditoris et Regni Polonie vicecancellarii
