2625 3500
309 1631 1866 1920 Arenda Zupparum Wyelicensium et
631 1877 1875 2042 Bochnensium Nicolao Seraphin
377 1899 1947 2219 Kazimirus Dei gracia Rex Polonie magnus dux Lithwanie Russie Prussieque
422 2131 1915 2280 dominus et heres Significamus tenore presencium quibus expedit universis presentibus et
406 2203 1944 2369 futuris harum noticiam habituris Quomodo inter certas nostre solicitudinis curas solet
404 2274 2019 2426 nobis occurrere thesaurorum nostrorum ab altissimo concessorum memoria de quibus
398 2345 1933 2470 non modica subsistit meditacio ut quemadmodum illos sceptra regni nobis a Deo
411 2402 2009 2581 commissi assumendo invenimus regendo augeamus Cum autem zuppas nostras Wyeliczenses
393 2470 1929 2625 et Bochnenses in terra Cracoviensi sitas et erectas in sorte aliorum thezaurorum nostrorum
394 2542 1920 2675 non minori estimacione reputamus volentes sic eorum comodo incendere
320 2597 1966 2761 ut tempore nostri felicis regiminis felicia suscipiant incrementa De legalitate itaque
398 2666 1920 2801 nobilis et strenui Nicolai Seraphin Gladiferi Cracoviensis zupparii predictarum
346 2723 1922 2878 zupparum nostrarum moderni fidelisque dilecti Cujus fides ingenium Cujus fides
388 2798 1945 2938 Constantissimaque industria a...tis multipliciter ut exparto comperimus et accepimus
392 2862 1946 3002 comendata plurimum confidentes Considerato eciam potissime quod ipse zuppe
385 2917 1976 3062 nostre per ipsum instaurate atque infructus opulenciores redacte existunt Sibi predictas
365 2993 2007 3142 zuppas nostras Welicienses et Bochnenses cum omnibus juribus modis conswetudinibus
