2597 3500
584 432 2195 615 Vel submissas personas Aut ejus Officiales ac colore quovis exquisito
767 572 2255 660 vendere presumat Sed ut salicide apud ipsum zupparium aut ejus officiales Sal
665 622 2277 739 et nullibi alias eomodo perse in depositorio Cracoviensi libere vendent Et si aliquis ex
666 671 2219 768 Salicidis ausu temerario contrarium fecīt videlicet quod alibi Sal quam apud zupparium aut
682 724 2244 833 ejus officiales emerit Extunc Statuimus ut talis Salicida hujusdi Sal perpe
684 780 2214 882 tue amittat et ut per ipsum zupparium nostrum receptum nostro thezauro insistetur
649 828 2211 923 Et nichilominus talis salicida pena quinque marcarum per consules Cracovienses irremissibiliter
649 882 2173 972 puniatur Item ordinavimus presentibus Statuentes ut nemo Sal aliquid in allodiis
679 936 2153 1020 sive in domibus tam in Cracovia quam extra Civitatem Cracoviensem tam eciam in
675 987 2225 1082 Kazimiria aut extra Kazimiriam tam eciam in Cleparz vendere presumat damus
679 1045 2240 1134 eum ipsi zuppario plenam et omnimodam potestatem hujusmodi Sal arestandi et recipiendi
681 1098 2209 1195 et pro nostro thezauro infiscandi Eo adjungimus ut Capitaneus Succamerius et procurator
675 1143 2201 1238 Generalis in hujusmodi Arestacione ipsum zupparium ab omnibus invasionibus defendant et
686 1192 2204 1283 tueantur hos tamen Cives nostros tam Cracovienses quam Kasimirienses quam in Cleparz
683 1245 2223 1345 Qui hujusmodi Sal sive Bancatum sive ramilatum quorucunque hominum sic reponere Repo
667 1292 2251 1382 nere presumpserint sive in allodiis aut ipsorum domibus sive in domibus fuerit nullibi
662 1347 2187 1425 ut in Cracovia neque in Wyeliczka aut in Bochnya neque alicubi alias vendere
661 1391 2283 1484 presumant Sed ad propria reducens pro suo usu domestico divertat sub omissione hujusdi
677 1441 2249 1540 sui Salis per Capitaneum aut Succamearium vel procuratorem generalem Cui zupparius
671 1489 2193 1589 anuerit omittendi arestandi et recipiendi Item edicimus quemadmodum et in
649 1546 2157 1627 Convencione Pyorokowiensi pro festo Epiphaniarum Domini proxima preterito tanto
653 1595 2224 1700 est per prelatos firmatum et conclusunt Quod nullus hominum cujuscunque status condicionis aut
648 1651 2221 1759 preeminencie fuerint Supparium nostrum qui est officialis noster et persona publica captivare
665 1710 2250 1802 et detinere debet Eciam non obstante quod seipse supparius noster litteris et inscripcionibus
608 1757 2221 1868 propriis sumiserit Et si aliquis ausu temerario huic nostre inhibicionem contraire presum
654 1819 2190 1927 serit pollicemur presencium per tenorem ipsum zupparium a talibus gravaminibus mole
663 1864 2265 1964 stiis et oppressionibus quorucunque personarum et in absencia nostri per Capitaneum Succamerarium
658 1927 2259 2024 et procuratorem Generalem Cracoviensem tueri d et defensare de ipso vero zuppario querulantibus
656 1987 2227 2082 expeditam justiciam volumus ministrare Eciam pollicemur et promittimus Quod nul
638 2029 2214 2124 lum decerto nostrum familiarem sive curiensem neque quemquam alium hominem sala
647 2089 2191 2173 riabimus in zuppis nostris Sale Bancato neque Centenariato sed solum solario pe
646 2141 2173 2235 cuniali hos vero Centenarios salis et bancos quibus quosdem nostros familiares
652 2183 2146 2279 aut alios quoscunque in eisdem zuppis nostris Salariabimus dabimus operam ut
638 2245 2214 2327 nostrorum Consiliariorum consilio communicato ut peccuniale salarium convertere et trans
640 2299 2261 2384 mutare possemus Eximimus insuper prefatum zupparium cum duobus viceSupparis
637 2343 2210 2434 ut durante hujusmodi nostra arenda liberamusque ab omni transitu expediconali perso
659 2402 2232 2481 nali Ita quod loco sui prefatus zupparius et vicezupparius teneantur servicia debite
652 2439 2192 2540 expedire et facere per alias personas valentes ad nostra servicia non astrictos Si et
655 2501 2206 2597 inquantum adeo fuerint obligati et jure debebunt Rursus volumus ut ipse
642 2550 2176 2655 Nicolaus zupparius predictas zuppas nostras per nos sibi arendatas usque ad
657 2616 2166 2722 expedicionem ejusdem arende nostre in annis teneat et possideat sine
674 2673 2193 2767 quovis impedimento Articulum tamen superius descriptum de Salis rumulati
677 2724 2189 2811 et bancati vendicione taliter duximus moderandum Quod nullus hominum cujuscunque
650 2780 2179 2882 preeminencie fuerint Sal ipsum bancatum deiceps a tempore avendacionis
668 2821 2169 2934 presentis vendere non presumant potintque tamen Sal quod modo et ante tempus
661 2873 2210 2981 Arende presentis quocumque modo aquisiu̕nt vendere et in usus beneplacitos convertere
674 2944 2162 3034 quam tamen vendicionem ipsius salus in depositorio Civitatis Cracoviensis exercere
668 2989 2236 3103 tenebuntur volumus eciam ut jura privilegia et immunitates Civium
