1833 2394
144 152 1394 238 MODUS EPISTOLANDI EGREGII VIRI IO. SACRA
259 223 1290 291 NI SACRAE THEOLOGIAE DOCTORIS
400 275 1165 348 CANONICI CRACCOVIENSIS.
123 443 651 878 C
719 430 1399 508 um dicendi ratio ingenita quadam
706 493 1396 557 virtute omnibus appetenda venit.
701 547 1396 614 Eo magis operarum cuivis adhiben-
708 601 1392 671 dum est, ut non negligentius contre
711 655 1392 722 ctetur, sed propriis ex preceptionibus
706 708 1396 775 requiratur assidue. In ea quippe non
703 754 1384 829 se locupletiorem fore quis existimare
706 811 1388 884 debeat, si alienis quamvis suis seipsum ma
705 868 1394 932 gis instituionibus prebuerit. Itaque
150 907 1392 996 tantę commoda disciplinę non nisi propriis in penetralibus que-
150 957 1392 1044 renda sunt, investiganda et consequenda. Cunque summam eius et
154 1012 1380 1098 exitum constat in artificio et constitutione orationis consistere.
144 1065 1380 1150 Orationem (auctoritate Quintiliani) partiri biffariam necesse
147 1122 1380 1208 est ut alia iuncta atque contexta, alia vero soluta sit. illis nanquam iun
152 1174 1386 1262 cta censenda est quę plurimo artificio instituta formisque ac di-
155 1230 1372 1303 cendi luminibus illustrata datur et atribuitur causarum generibus.
158 1282 1384 1357 Ea vero quę soluta dicitur tametsi non adeo elaboranda et ad
150 1337 1379 1413 casum mage temporis accomodanda fore videatur, non sine cer
154 1392 1378 1464 tis tamen suisque legibus consituenda censeatur. Et in luce artifi-
159 1449 1384 1520 cioque verborum nequaquam negligenda. Qua de re orationis con-
147 1501 1382 1576 texte series artificii et officii Oratoris est, hęc quę solutiori la-
154 1549 1382 1634 xiorique structura ducitur sermoni et epistolis conferatur, plerumque ta-
152 1609 1374 1682 men extendere ductum artis conveniet in oratione epistolari,
148 1654 1380 1736 et ad mutationem orationis contexte quodam modo pervenire, si
152 1707 1383 1791 quotiens materia naturam et proprietatem epistolaris officii supe
155 1766 1378 1842 raverit, quod in familiaribus rebus positum esse neminem prete-
152 1820 1379 1895 rit. Cum itaque contexta oratio ad oratoris opus pertineat qua
156 1864 1392 1956 missa facta solius eius nobis est artificium ad presens inquirendum
148 1920 1061 2008 quę opus et effectus est epistolaris structurę.
413 2010 1093 2090 DE PARTIBUS EPITOLE
1114 2065 1247 2150 A ii
