1859 2419
110 182 1199 279 TRES PARTES EPISTOLE COMPLECTENS
52 258 1289 342 descere, sed et pia vota atque salubria desideria tua dator mu-
52 325 1294 404 nerum deus benigniter secundabit. Tu me inter ea illum tibi
56 395 1290 470 fore persuade qui honori et ornamento tuo studeo perluben
52 469 262 532 ter facturus quicquid futurum de me statueris Vale.
83 516 1250 596 AFFECTIO DVCTVM CONTRARIVM HONE-
134 584 1194 654 STATIS CONCLVDENS A MODO QVA-
176 647 1223 727 LITATE SPE ET ADMONITIONE SVMPTA
50 732 163 869 E
107 720 1293 814 T SI mihi sit ingenium non vulgare ac facultas satis ido-
163 803 1286 878 nea qua venenosam tuam linguam facile compescerem.
60 868 1294 942 Spero omnium maxime, hanc indies oportunitatem venturam qua
59 929 1295 1010 in fetulentam tuam barbam rastros insuaderes atque in caput pla-
60 995 1295 1068 ne tabidum malleum acriorem incutiam, vt ineptissime nebu-
65 1056 1301 1140 lo nosse queas quem iniuria conuiciosa affeceris atque deplores
57 1123 1295 1218 liuoris tui aculeos eiulatu sempiterno. Certum habe que et cor
71 1197 1299 1278 poris in te vnum portentum sacrilegium oculos conuerti et
67 1259 1298 1333 totius lumina mentis ita fixi et impressi vt nulla ratione effu-
72 1339 174 1408 gies quod futurum de te constitui Vale si merueris.
122 1374 1260 1459 AFFECTIO DVCTVM VTILITATIS PRIMVM
212 1455 1158 1536 concludens sumpta ab admonitione / qualitate /
481 1526 875 1592 officio & petitione.
38 1586 199 1711 E
221 1577 1305 1659 T quamuis haec ipsa admonitio prope superuacua fore videatur,
208 1640 1317 1722 cum tuapte morum ratione et vitę consuetudine ea con
71 1708 1307 1790 ficere omnia non dubitaris quę et virum bonum et gratum te ve-
77 1768 1319 1855 hementer in oculis esse principis declarabunt. Quicquid ta-
76 1839 1321 1920 men ex mea fide et integritate beniuolentię debita stimuli
77 1912 1321 1988 subiecisse atque tibi contulisse videor, oro etiam etiamque pienter
83 1975 1341 2052 accipe, et animi gratitudine id ob eas cum amicitię officio et
87 2045 1334 2135 precipuo meo erga te studio triubuatur Vale et me vt cępisti ama,
