1865 2405
613 171 1618 228 IO. SACRANI MODVS EPISTOLANDI
504 240 1747 301 nefario veretur minime palam in me contumeliam plurimam effun-
508 316 1745 360 dere apud eos quorum amicitię videbar mihi vsum habuisse li-
500 373 1749 430 berrimum. ALIVD. ¶ Si recte sit que puer tuus hester-
502 439 1751 498 no vesperi non valefacto me abscesserit arbitrare, nec mihi per-
497 507 1742 566 suadere possum sibi ne an tuo iussui potius dandum id fore rear
518 610 1747 668 ☞ Ab hac itaque initiorum ratione que a personis sumpta est et
505 667 1741 721 ordine ac ductu exemplari demonstrata ab his quę circumstan-
506 720 1742 774 tię consequuntur supersunt eadem quam facile sumi poterunt et edu-
498 774 1744 826 ci. Vnde quia factum personam consequitur quo rem ipsam designa-
501 829 1739 878 mus qua de literis dicturi sumus. Vnde a facto siue ab ipsa re
504 884 1747 933 casu se ad dicendum offerente dicimur initia sumere, cum ab ea-
499 936 1735 989 dem re incipimus nulla premissa preparatione, et quoniam infinita
498 990 1735 1046 sunt quę casualiter in re dicenda veniunt vno breui ductu viam
497 1043 1724 1096 ad cetera queque scribenda facile colligemus, sic igitur ordiemur.
503 1100 1571 1147 A FACTO SECVNDO FVNDAMENTO
517 1162 1432 1214 INITIORVM ESPITOLAE
458 1213 642 1338 R
509 1218 1735 1286 EM ad te commodato datam cures quam primum proferri
499 1297 1734 1349 ad me, et ne longius ea me priues, sed effice sine vlla
489 1360 1740 1411 iniuria domum redeat, intelligeque his rogo literis tuum in restitu-
492 1420 1738 1478 tione officium desyderari, vt sic nil in causa fore dicas, quominus
489 1486 1634 1537 redire ad me debeat. ALIVD.
497 1551 1727 1612 ¶ Erras qui perscrutandis bonis artibus opinaris fortunarum
496 1617 1733 1673 mediocritatem officere qua et ratione te ab officina bonarum
485 1682 1734 1735 doctrinarum retraxisti velut prima omnium cura instituenda fo-
484 1747 1733 1802 ret cumulandis pecunijs, atque demum animum ad studia reuocare
495 1812 1726 1867 CONTRARIA. NON habeo quo scriptionis officio et di
485 1878 1726 1935 gnitati et voluptati tuę commodius inseruiam cum nec idonea vlla
481 1944 1726 2004 se hac tempestate res offere queat, quam aut gratam esse aut
481 2015 1391 2068 abs te curatam iri opporteret. ALIVD.
