<?xml version="1.0" encoding="UTF-8" standalone="no"?><PcGts xmlns:xsi="http://www.w3.org/2001/XMLSchema-instance" xsi:schemaLocation="http://schema.primaresearch.org/PAGE/gts/pagecontent/2019-07-15 http://schema.primaresearch.org/PAGE/gts/pagecontent/2019-07-15/pagecontent.xsd" xmlns="http://schema.primaresearch.org/PAGE/gts/pagecontent/2019-07-15"><Metadata><Creator>prov=University of Rostock/Institute of Mathematics/CITlab|PLANET AI GmbH/Tobias Gruening/tobias.gruening@planet-ai.de:name=/net_tf/LA73_249_0mod360.pb:de.uros.citlab.segmentation.CITlab_LA_ML:v=2.6.7
Transkribus</Creator><Created>2022-06-08T15:48:22</Created><LastChange>2022-12-21T15:18:55</LastChange><Comments/></Metadata><Page imageFilename="BOss_XVI_Qu.2403-0074.jpg" imageHeight="2378" imageWidth="1860"><ReadingOrder><OrderedGroup caption="Regions reading order" id="ro_1671632335180"><RegionRefIndexed index="0" regionRef="TextRegion_1656258555090_136"/><RegionRefIndexed index="1" regionRef="TextRegion_1656258565713_141"/><RegionRefIndexed index="2" regionRef="TextRegion_1656258569105_146"/><RegionRefIndexed index="3" regionRef="TextRegion_1656258579129_151"/><RegionRefIndexed index="4" regionRef="TextRegion_1656258589793_156"/><RegionRefIndexed index="5" regionRef="region_1656258612865_171"/><RegionRefIndexed index="6" regionRef="TextRegion_1656258600777_161"/><RegionRefIndexed index="7" regionRef="TextRegion_1656258603640_166"/><RegionRefIndexed index="8" regionRef="TextRegion_1656258603640_165"/></OrderedGroup></ReadingOrder><TextRegion custom="readingOrder {index:0;} structure {type:header;}" id="TextRegion_1656258555090_136" orientation="0.0" type="header"><Coords points="499,190 1699,190 1699,240 499,240"/><TextLine custom="readingOrder {index:0;}" id="r1l1"><Coords points="676,236 715,237 754,238 793,239 832,240 871,240 910,240 949,240 988,240 1027,240 1066,239 1105,239 1144,239 1183,239 1222,239 1261,239 1300,239 1339,240 1378,241 1417,241 1456,243 1456,197 1417,195 1378,195 1339,194 1300,193 1261,193 1222,193 1183,193 1144,193 1105,193 1066,193 1027,194 988,194 949,194 910,194 871,194 832,194 793,193 754,192 715,191 676,190"/><Baseline points="676,221 715,222 754,223 793,224 832,225 871,225 910,225 949,225 988,225 1027,225 1066,224 1105,224 1144,224 1183,224 1222,224 1261,224 1300,224 1339,225 1378,226 1417,226 1456,228"/><TextEquiv><Unicode>VITA BEATI IO. CANTII.</Unicode></TextEquiv></TextLine><TextEquiv><Unicode>VITA BEATI IO. CANTII.</Unicode></TextEquiv></TextRegion><TextRegion custom="readingOrder {index:1;} structure {type:paragraph;}" id="TextRegion_1656258565713_141" orientation="0.0" type="paragraph"><Coords points="499,240 1699,240 1699,444 499,444"/><TextLine custom="readingOrder {index:0;}" id="r1l2"><Coords points="515,305 561,306 608,306 655,307 702,307 748,307 795,307 842,306 889,306 935,306 982,305 1029,305 1076,304 1122,304 1169,304 1216,304 1263,304 1309,305 1356,306 1403,306 1450,308 1450,265 1403,263 1356,263 1309,262 1263,261 1216,261 1169,261 1122,261 1076,261 1029,262 982,262 935,263 889,263 842,263 795,264 748,264 702,264 655,264 608,263 561,263 515,262"/><Baseline points="515,291 561,292 608,292 655,293 702,293 748,293 795,293 842,292 889,292 935,292 982,291 1029,291 1076,290 1122,290 1169,290 1216,290 1263,290 1309,291 1356,292 1403,292 1450,294"/><TextEquiv><Unicode>Aut dolor assiduus cunctis sua lumina reddit</Unicode></TextEquiv></TextLine><TextLine custom="readingOrder {index:1;}" id="r1l3"><Coords points="511,366 555,368 600,370 645,372 690,373 735,373 780,373 824,373 869,373 914,373 959,372 1004,372 1049,371 1094,371 1138,370 1183,370 1228,370 1273,370 1318,370 1363,371 1408,372 1408,327 1363,326 1318,325 1273,325 1228,325 1183,325 1138,325 1094,326 1049,326 1004,327 959,327 914,328 869,328 824,328 780,328 735,328 690,328 645,327 600,325 555,323 511,321"/><Baseline points="511,351 555,353 600,355 645,357 690,358 735,358 780,358 824,358 869,358 914,358 959,357 1004,357 1049,356 1094,356 1138,355 1183,355 1228,355 1273,355 1318,355 1363,356 1408,357"/><TextEquiv><Unicode>Febreque concussi sani sua membra resoluunt</Unicode></TextEquiv></TextLine><TextLine custom="readingOrder {index:2;}" id="r1l4"><Coords points="507,434 560,436 614,437 667,438 721,439 775,439 828,439 882,438 936,438 989,437 1043,437 1096,436 1150,436 1204,436 1257,436 1311,437 1365,438 1418,439 1472,441 1526,444 1526,398 1472,395 1418,393 1365,392 1311,391 1257,390 1204,390 1150,390 1096,390 1043,391 989,391 936,392 882,392 828,393 775,393 721,393 667,392 614,391 560,390 507,388"/><Baseline points="507,419 560,421 614,422 667,423 721,424 775,424 828,424 882,423 936,423 989,422 1043,422 1096,421 1150,421 1204,421 1257,421 1311,422 1365,423 1418,424 1472,426 1526,429"/><TextEquiv><Unicode>Et mage quod censes premortua corpora viuunt.</Unicode></TextEquiv></TextLine><TextEquiv><Unicode>Aut dolor assiduus cunctis sua lumina reddit
Febreque concussi sani sua membra resoluunt
Et mage quod censes premortua corpora viuunt.</Unicode></TextEquiv></TextRegion><TextRegion custom="readingOrder {index:2;} structure {type:paragraph;}" id="TextRegion_1656258569105_146" orientation="0.0" type="paragraph"><Coords points="499,444 1699,444 1699,723 499,723"/><TextLine custom="readingOrder {index:0;}" id="r1l5"><Coords points="499,501 546,502 594,503 642,504 690,504 738,504 786,504 833,504 881,504 929,503 977,503 1025,502 1073,502 1121,502 1168,502 1216,502 1264,502 1312,502 1360,503 1408,504 1456,505 1456,459 1408,458 1360,457 1312,456 1264,456 1216,456 1168,456 1121,456 1073,456 1025,456 977,457 929,457 881,458 833,458 786,458 738,458 690,458 642,458 594,457 546,456 499,455"/><Baseline points="499,486 546,487 594,488 642,489 690,489 738,489 786,489 833,489 881,489 929,488 977,488 1025,487 1073,487 1121,487 1168,487 1216,487 1264,487 1312,487 1360,488 1408,489 1456,490"/><TextEquiv><Unicode>¶ Sic pater ille pius, patrię memor ethere celso</Unicode></TextEquiv></TextLine><TextLine custom="readingOrder {index:1;}" id="r1l6"><Coords points="501,568 543,568 586,568 629,568 672,568 715,568 758,568 800,568 843,568 886,568 929,567 972,567 1015,567 1058,567 1100,567 1143,566 1186,567 1229,567 1272,567 1315,567 1358,568 1358,522 1315,521 1272,521 1229,521 1186,521 1143,520 1100,521 1058,521 1015,521 972,521 929,521 886,522 843,522 800,522 758,522 715,522 672,522 629,522 586,522 543,522 501,522"/><Baseline points="501,553 543,553 586,553 629,553 672,553 715,553 758,553 800,553 843,553 886,553 929,552 972,552 1015,552 1058,552 1100,552 1143,551 1186,552 1229,552 1272,552 1315,552 1358,553"/><TextEquiv><Unicode>Prospiciens terras, mundo solatia prestat</Unicode></TextEquiv></TextLine><TextLine custom="readingOrder {index:2;}" id="r1l7"><Coords points="504,633 545,633 587,633 628,633 670,633 711,633 753,633 794,633 836,632 877,632 919,632 960,632 1002,632 1043,631 1085,631 1126,631 1168,631 1209,631 1251,632 1292,632 1334,632 1334,586 1292,586 1251,586 1209,585 1168,585 1126,585 1085,585 1043,585 1002,586 960,586 919,586 877,586 836,586 794,587 753,587 711,587 670,587 628,587 587,587 545,587 504,587"/><Baseline points="504,618 545,618 587,618 628,618 670,618 711,618 753,618 794,618 836,617 877,617 919,617 960,617 1002,617 1043,616 1085,616 1126,616 1168,616 1209,616 1251,617 1292,617 1334,617"/><TextEquiv><Unicode>Nulli sit dubium, nullum spes ista fefellit</Unicode></TextEquiv></TextLine><TextLine custom="readingOrder {index:3;}" id="r1l8"><Coords points="509,699 553,699 598,699 643,699 688,699 733,698 778,698 823,698 868,697 913,697 958,697 1002,696 1047,696 1092,696 1137,696 1182,696 1227,697 1272,697 1317,698 1362,699 1407,700 1407,654 1362,653 1317,652 1272,651 1227,651 1182,650 1137,650 1092,650 1047,650 1002,650 958,651 913,651 868,651 823,652 778,652 733,652 688,653 643,653 598,653 553,653 509,653"/><Baseline points="509,684 553,684 598,684 643,684 688,684 733,683 778,683 823,683 868,682 913,682 958,682 1002,681 1047,681 1092,681 1137,681 1182,681 1227,682 1272,682 1317,683 1362,684 1407,685"/><TextEquiv><Unicode>Recta fides animi rectum cor singula norit.</Unicode></TextEquiv></TextLine><TextEquiv><Unicode>¶ Sic pater ille pius, patrię memor ethere celso
Prospiciens terras, mundo solatia prestat
Nulli sit dubium, nullum spes ista fefellit
Recta fides animi rectum cor singula norit.</Unicode></TextEquiv></TextRegion><TextRegion custom="readingOrder {index:3;} structure {type:paragraph;}" id="TextRegion_1656258579129_151" orientation="0.0" type="paragraph"><Coords points="499,723 1699,723 1699,1127 499,1127"/><TextLine custom="readingOrder {index:0;}" id="r1l9"><Coords points="639,825 687,826 735,827 783,827 831,828 880,828 928,828 976,828 1024,828 1072,827 1121,827 1169,827 1217,827 1265,827 1313,827 1362,827 1410,827 1458,828 1506,828 1554,829 1603,830 1603,784 1554,783 1506,782 1458,782 1410,781 1362,781 1313,781 1265,781 1217,781 1169,781 1121,781 1072,781 1024,782 976,782 928,782 880,782 831,782 783,781 735,781 687,780 639,779"/><Baseline points="639,810 687,811 735,812 783,812 831,813 880,813 928,813 976,813 1024,813 1072,812 1121,812 1169,812 1217,812 1265,812 1313,812 1362,812 1410,812 1458,813 1506,813 1554,814 1603,815"/><TextEquiv><Unicode>¶ Mille quadringentis cum septuagintaque binis</Unicode></TextEquiv></TextLine><TextLine custom="readingOrder {index:1;}" id="r1l10"><Coords points="630,895 671,895 712,895 753,894 795,894 836,894 877,894 918,894 960,894 1001,893 1042,893 1083,893 1125,893 1166,893 1207,893 1248,893 1290,892 1331,892 1372,892 1413,892 1455,892 1455,846 1413,846 1372,846 1331,846 1290,846 1248,847 1207,847 1166,847 1125,847 1083,847 1042,847 1001,847 960,848 918,848 877,848 836,848 795,848 753,848 712,849 671,849 630,849"/><Baseline points="630,880 671,880 712,880 753,879 795,879 836,879 877,879 918,879 960,879 1001,878 1042,878 1083,878 1125,878 1166,878 1207,878 1248,878 1290,877 1331,877 1372,877 1413,877 1455,877"/><TextEquiv><Unicode>Annis exactis terno dum quarta vigena</Unicode></TextEquiv></TextLine><TextLine custom="readingOrder {index:2;}" id="r1l11"><Coords points="629,960 668,960 708,960 747,960 787,960 827,960 866,959 906,959 946,959 985,959 1025,958 1065,958 1104,958 1144,958 1184,958 1223,958 1263,958 1303,958 1342,959 1382,959 1422,960 1422,914 1382,913 1342,913 1303,912 1263,912 1223,912 1184,912 1144,912 1104,912 1065,912 1025,912 985,913 946,913 906,913 866,913 827,914 787,914 747,914 708,914 668,914 629,914"/><Baseline points="629,945 668,945 708,945 747,945 787,945 827,945 866,944 906,944 946,944 985,944 1025,943 1065,943 1104,943 1144,943 1184,943 1223,943 1263,943 1303,943 1342,944 1382,944 1422,945"/><TextEquiv><Unicode>Labitur extremi mensis preclara dieta</Unicode></TextEquiv></TextLine><TextLine custom="readingOrder {index:3;}" id="r1l12"><Coords points="639,1024 679,1024 719,1025 759,1025 799,1025 839,1025 879,1025 919,1024 959,1024 999,1024 1039,1023 1079,1023 1119,1023 1159,1023 1199,1022 1239,1022 1279,1022 1319,1022 1359,1022 1399,1023 1439,1023 1439,977 1399,977 1359,976 1319,976 1279,976 1239,976 1199,976 1159,977 1119,977 1079,977 1039,977 999,978 959,978 919,978 879,979 839,979 799,979 759,979 719,979 679,978 639,978"/><Baseline points="639,1009 679,1009 719,1010 759,1010 799,1010 839,1010 879,1010 919,1009 959,1009 999,1009 1039,1008 1079,1008 1119,1008 1159,1008 1199,1007 1239,1007 1279,1007 1319,1007 1359,1007 1399,1008 1439,1008"/><TextEquiv><Unicode>Corripitur fatis et mortis debita soluit</Unicode></TextEquiv></TextLine><TextLine custom="readingOrder {index:4;}" id="r1l13"><Coords points="635,1088 682,1088 729,1089 776,1089 823,1089 870,1090 917,1090 964,1090 1011,1090 1058,1090 1105,1090 1152,1089 1199,1089 1246,1089 1293,1089 1340,1089 1387,1088 1434,1088 1481,1088 1528,1088 1575,1088 1575,1042 1528,1042 1481,1042 1434,1042 1387,1042 1340,1043 1293,1043 1246,1043 1199,1043 1152,1043 1105,1044 1058,1044 1011,1044 964,1044 917,1044 870,1044 823,1043 776,1043 729,1043 682,1042 635,1042"/><Baseline points="635,1073 682,1073 729,1074 776,1074 823,1074 870,1075 917,1075 964,1075 1011,1075 1058,1075 1105,1075 1152,1074 1199,1074 1246,1074 1293,1074 1340,1074 1387,1073 1434,1073 1481,1073 1528,1073 1575,1073"/><TextEquiv><Unicode>Atque suos hic fouit et ossa sepulchro.</Unicode></TextEquiv></TextLine><TextEquiv><Unicode>¶ Mille quadringentis cum septuagintaque binis
Annis exactis terno dum quarta vigena
Labitur extremi mensis preclara dieta
Corripitur fatis et mortis debita soluit
Atque suos hic fouit et ossa sepulchro.</Unicode></TextEquiv></TextRegion><TextRegion custom="readingOrder {index:4;} structure {type:[heading];}" id="TextRegion_1656258589793_156" orientation="0.0"><Coords points="499,1127 1699,1127 1699,1410 499,1410"/><TextLine custom="readingOrder {index:0;}" id="r1l14"><Coords points="540,1216 601,1216 662,1216 723,1216 784,1216 845,1216 906,1215 967,1215 1028,1215 1089,1214 1150,1214 1211,1214 1272,1214 1333,1214 1394,1214 1455,1214 1516,1215 1577,1215 1638,1216 1699,1217 1699,1171 1638,1170 1577,1169 1516,1169 1455,1168 1394,1168 1333,1168 1272,1168 1211,1168 1150,1168 1089,1168 1028,1169 967,1169 906,1169 845,1170 784,1170 723,1170 662,1170 601,1170 540,1170"/><Baseline points="540,1201 601,1201 662,1201 723,1201 784,1201 845,1201 906,1200 967,1200 1028,1200 1089,1199 1150,1199 1211,1199 1272,1199 1333,1199 1394,1199 1455,1199 1516,1200 1577,1200 1638,1201 1699,1202"/><TextEquiv><Unicode>CARMEN SAPHICVM IN LAVDEM SANCTAE</Unicode></TextEquiv></TextLine><TextLine custom="readingOrder {index:1;}" id="r1l15"><Coords points="592,1281 644,1281 697,1281 750,1281 802,1280 855,1280 908,1280 960,1280 1013,1280 1066,1280 1119,1280 1171,1280 1224,1280 1277,1280 1329,1280 1382,1280 1435,1280 1487,1280 1540,1280 1593,1281 1646,1281 1646,1235 1593,1235 1540,1234 1487,1234 1435,1234 1382,1234 1329,1234 1277,1234 1224,1234 1171,1234 1119,1234 1066,1234 1013,1234 960,1234 908,1234 855,1234 802,1234 750,1235 697,1235 644,1235 592,1235"/><Baseline points="592,1266 644,1266 697,1266 750,1266 802,1265 855,1265 908,1265 960,1265 1013,1265 1066,1265 1119,1265 1171,1265 1224,1265 1277,1265 1329,1265 1382,1265 1435,1265 1487,1265 1540,1265 1593,1266 1646,1266"/><TextEquiv><Unicode>ANNAE, IN CVIVS HONOREM EADEM BA</Unicode></TextEquiv></TextLine><TextLine custom="readingOrder {index:2;}" id="r1l16"><Coords points="664,1344 713,1345 763,1347 813,1347 863,1347 913,1347 962,1347 1012,1346 1062,1346 1112,1345 1162,1344 1211,1344 1261,1343 1311,1343 1361,1343 1411,1344 1460,1345 1510,1346 1560,1348 1610,1351 1660,1354 1660,1309 1610,1306 1560,1303 1510,1301 1460,1300 1411,1299 1361,1298 1311,1298 1261,1298 1211,1299 1162,1299 1112,1300 1062,1301 1012,1301 962,1302 913,1302 863,1302 813,1302 763,1302 713,1300 664,1299"/><Baseline points="664,1329 713,1330 763,1332 813,1332 863,1332 913,1332 962,1332 1012,1331 1062,1331 1112,1330 1162,1329 1211,1329 1261,1328 1311,1328 1361,1328 1411,1329 1460,1330 1510,1331 1560,1333 1610,1336 1660,1339"/><TextEquiv><Unicode>SILICA IN QVA BEATVS CANTIVS</Unicode></TextEquiv></TextLine><TextLine custom="readingOrder {index:3;}" id="r1l17"><Coords points="743,1407 783,1408 823,1409 864,1409 904,1410 945,1410 985,1410 1025,1410 1066,1410 1106,1410 1147,1409 1187,1409 1227,1409 1268,1408 1308,1408 1349,1408 1389,1408 1429,1408 1470,1408 1510,1409 1551,1409 1551,1364 1510,1364 1470,1363 1429,1363 1389,1363 1349,1363 1308,1363 1268,1363 1227,1364 1187,1364 1147,1364 1106,1365 1066,1365 1025,1365 985,1365 945,1365 904,1365 864,1364 823,1364 783,1363 743,1362"/><Baseline points="743,1392 783,1393 823,1394 864,1394 904,1395 945,1395 985,1395 1025,1395 1066,1395 1106,1395 1147,1394 1187,1394 1227,1394 1268,1393 1308,1393 1349,1393 1389,1393 1429,1393 1470,1393 1510,1394 1551,1394"/><TextEquiv><Unicode>QVIESCIT CONSTRVCTA EST.</Unicode></TextEquiv></TextLine><TextEquiv><Unicode>CARMEN SAPHICVM IN LAVDEM SANCTAE
ANNAE, IN CVIVS HONOREM EADEM BA
SILICA IN QVA BEATVS CANTIVS
QVIESCIT CONSTRVCTA EST.</Unicode></TextEquiv></TextRegion><TextRegion custom="readingOrder {index:5;} structure {type:[drop-capital];}" id="region_1656258612865_171"><Coords points="440,1380 661,1380 661,1588 440,1588"/><TextLine custom="readingOrder {index:0;}" id="line_1656258622008_177"><Coords points="474,1406 627,1406 627,1549 474,1549"/><TextEquiv><Unicode>V</Unicode></TextEquiv></TextLine><TextEquiv><Unicode>V</Unicode></TextEquiv></TextRegion><TextRegion custom="readingOrder {index:6;} structure {type:paragraph;}" id="TextRegion_1656258600777_161" orientation="0.0" type="paragraph"><Coords points="499,1410 1699,1410 1699,1684 499,1684"/><TextLine custom="readingOrder {index:0;} drop-capital {offset:0; length:1;}" id="r1l18"><Coords points="615,1488 648,1489 681,1489 714,1490 748,1490 781,1490 814,1490 847,1490 881,1490 914,1489 947,1489 980,1489 1014,1489 1047,1488 1080,1488 1113,1488 1147,1488 1180,1488 1213,1488 1246,1488 1280,1489 1280,1443 1246,1442 1213,1442 1180,1442 1147,1442 1113,1442 1080,1442 1047,1442 1014,1443 980,1443 947,1443 914,1443 881,1444 847,1444 814,1444 781,1444 748,1444 714,1444 681,1443 648,1443 615,1442"/><Baseline points="615,1473 648,1474 681,1474 714,1475 748,1475 781,1475 814,1475 847,1475 881,1475 914,1474 947,1474 980,1474 1014,1474 1047,1473 1080,1473 1113,1473 1147,1473 1180,1473 1213,1473 1246,1473 1280,1474"/><TextEquiv><Unicode>Irginis matris genitricis Annę</Unicode></TextEquiv></TextLine><TextLine custom="readingOrder {index:1;}" id="r1l19"><Coords points="652,1557 688,1556 724,1556 760,1555 797,1555 833,1554 869,1554 906,1553 942,1553 978,1553 1015,1553 1051,1553 1087,1553 1123,1553 1160,1553 1196,1553 1232,1554 1269,1554 1305,1555 1341,1556 1378,1557 1378,1512 1341,1511 1305,1510 1269,1509 1232,1509 1196,1508 1160,1508 1123,1508 1087,1508 1051,1508 1015,1508 978,1508 942,1508 906,1508 869,1509 833,1509 797,1510 760,1510 724,1511 688,1511 652,1512"/><Baseline points="652,1542 688,1541 724,1541 760,1540 797,1540 833,1539 869,1539 906,1538 942,1538 978,1538 1015,1538 1051,1538 1087,1538 1123,1538 1160,1538 1196,1538 1232,1539 1269,1539 1305,1540 1341,1541 1378,1542"/><TextEquiv><Unicode>Sedulas laudes resonemus omnes</Unicode></TextEquiv></TextLine><TextLine custom="readingOrder {index:2;}" id="r1l20"><Coords points="668,1623 698,1623 729,1622 759,1621 790,1621 820,1621 851,1621 881,1621 912,1621 942,1621 973,1621 1003,1621 1034,1621 1064,1620 1095,1620 1125,1620 1156,1619 1186,1619 1217,1617 1247,1616 1278,1615 1278,1570 1247,1571 1217,1572 1186,1574 1156,1574 1125,1575 1095,1575 1064,1575 1034,1576 1003,1576 973,1576 942,1576 912,1576 881,1576 851,1576 820,1576 790,1576 759,1576 729,1577 698,1578 668,1578"/><Baseline points="668,1608 698,1608 729,1607 759,1606 790,1606 820,1606 851,1606 881,1606 912,1606 942,1606 973,1606 1003,1606 1034,1606 1064,1605 1095,1605 1125,1605 1156,1604 1186,1604 1217,1602 1247,1601 1278,1600"/><TextEquiv><Unicode>Viribus totis, animi medullis</Unicode></TextEquiv></TextLine><TextLine custom="readingOrder {index:3;}" id="r1l21"><Coords points="1027,1684 1054,1684 1081,1684 1108,1685 1135,1685 1163,1685 1190,1685 1217,1684 1244,1684 1271,1683 1299,1683 1299,1637 1271,1637 1244,1638 1217,1638 1190,1639 1163,1639 1135,1639 1108,1639 1081,1638 1054,1638 1027,1638"/><Baseline points="1027,1669 1054,1669 1081,1669 1108,1670 1135,1670 1163,1670 1190,1670 1217,1669 1244,1669 1271,1668 1299,1668"/><TextEquiv><Unicode>Voce sonora:</Unicode></TextEquiv></TextLine><TextEquiv><Unicode>Irginis matris genitricis Annę
Sedulas laudes resonemus omnes
Viribus totis, animi medullis
Voce sonora:</Unicode></TextEquiv></TextRegion><TextRegion custom="readingOrder {index:7;} structure {type:paragraph;}" id="TextRegion_1656258603640_166" orientation="0.0" type="paragraph"><Coords points="499,1684 1699,1684 1699,1945 499,1945"/><TextLine custom="readingOrder {index:0;}" id="r1l22"><Coords points="648,1755 676,1754 704,1754 733,1754 761,1753 790,1753 818,1753 846,1752 875,1752 903,1752 932,1752 960,1752 988,1751 1017,1751 1045,1751 1074,1751 1102,1750 1130,1750 1159,1749 1187,1748 1216,1747 1216,1701 1187,1702 1159,1703 1130,1704 1102,1704 1074,1705 1045,1705 1017,1705 988,1705 960,1706 932,1706 903,1706 875,1706 846,1706 818,1707 790,1707 761,1707 733,1708 704,1708 676,1708 648,1709"/><Baseline points="648,1740 676,1739 704,1739 733,1739 761,1738 790,1738 818,1738 846,1737 875,1737 903,1737 932,1737 960,1737 988,1736 1017,1736 1045,1736 1074,1736 1102,1735 1130,1735 1159,1734 1187,1733 1216,1732"/><TextEquiv><Unicode>Illa profudit generi misello</Unicode></TextEquiv></TextLine><TextLine custom="readingOrder {index:1;}" id="r1l23"><Coords points="652,1820 681,1820 711,1819 740,1819 770,1819 799,1819 829,1818 858,1818 888,1817 917,1817 947,1817 976,1816 1006,1816 1035,1815 1065,1815 1094,1814 1124,1814 1153,1814 1183,1814 1212,1814 1242,1814 1242,1768 1212,1768 1183,1768 1153,1768 1124,1768 1094,1768 1065,1769 1035,1769 1006,1770 976,1770 947,1771 917,1771 888,1771 858,1772 829,1772 799,1773 770,1773 740,1773 711,1773 681,1774 652,1774"/><Baseline points="652,1805 681,1805 711,1804 740,1804 770,1804 799,1804 829,1803 858,1803 888,1802 917,1802 947,1802 976,1801 1006,1801 1035,1800 1065,1800 1094,1799 1124,1799 1153,1799 1183,1799 1212,1799 1242,1799"/><TextEquiv><Unicode>Labe sordenti genitricis Euę</Unicode></TextEquiv></TextLine><TextLine custom="readingOrder {index:2;}" id="r1l24"><Coords points="641,1881 676,1883 711,1884 747,1885 782,1886 818,1886 853,1886 888,1886 924,1885 959,1885 995,1884 1030,1884 1065,1883 1101,1883 1136,1882 1172,1882 1207,1882 1242,1882 1278,1882 1313,1882 1349,1883 1349,1837 1313,1836 1278,1836 1242,1836 1207,1836 1172,1836 1136,1836 1101,1837 1065,1837 1030,1838 995,1838 959,1839 924,1839 888,1840 853,1840 818,1840 782,1840 747,1839 711,1838 676,1837 641,1835"/><Baseline points="641,1866 676,1868 711,1869 747,1870 782,1871 818,1871 853,1871 888,1871 924,1870 959,1870 995,1869 1030,1869 1065,1868 1101,1868 1136,1867 1172,1867 1207,1867 1242,1867 1278,1867 1313,1867 1349,1868"/><TextEquiv><Unicode>Nobilem prolem radians iubarque</Unicode></TextEquiv></TextLine><TextLine custom="readingOrder {index:3;}" id="r1l25"><Coords points="1035,1950 1062,1949 1089,1948 1117,1948 1144,1948 1172,1949 1199,1949 1227,1949 1254,1948 1282,1947 1282,1901 1254,1902 1227,1903 1199,1903 1172,1903 1144,1902 1117,1902 1089,1902 1062,1903 1035,1904"/><Baseline points="1035,1935 1062,1934 1089,1933 1117,1933 1144,1933 1172,1934 1199,1934 1227,1934 1254,1933 1282,1932"/><TextEquiv><Unicode>Edidit orbi.</Unicode></TextEquiv></TextLine><TextEquiv><Unicode>Illa profudit generi misello
Labe sordenti genitricis Euę
Nobilem prolem radians iubarque
Edidit orbi.</Unicode></TextEquiv></TextRegion><TextRegion custom="readingOrder {index:8;} structure {type:paragraph;}" id="TextRegion_1656258603640_165" orientation="0.0" type="paragraph"><Coords points="499,1945 1699,1945 1699,2088 499,2088"/><TextLine custom="readingOrder {index:0;}" id="r1l26"><Coords points="646,2013 685,2014 724,2015 763,2016 803,2017 842,2017 881,2017 921,2018 960,2018 999,2017 1039,2017 1078,2017 1117,2016 1156,2016 1196,2016 1235,2015 1274,2015 1314,2015 1353,2015 1392,2015 1432,2015 1432,1969 1392,1969 1353,1969 1314,1969 1274,1969 1235,1969 1196,1970 1156,1970 1117,1970 1078,1971 1039,1971 999,1971 960,1972 921,1972 881,1971 842,1971 803,1971 763,1970 724,1969 685,1968 646,1967"/><Baseline points="646,1998 685,1999 724,2000 763,2001 803,2002 842,2002 881,2002 921,2003 960,2003 999,2002 1039,2002 1078,2002 1117,2001 1156,2001 1196,2001 1235,2000 1274,2000 1314,2000 1353,2000 1392,2000 1432,2000"/><TextEquiv><Unicode>Lumen hoc mundi tenebras nigrantis</Unicode></TextEquiv></TextLine><TextLine custom="readingOrder {index:1;}" id="r1l27"><Coords points="650,2080 684,2082 718,2083 752,2084 786,2085 820,2086 854,2086 889,2087 923,2087 957,2087 991,2088 1025,2087 1059,2087 1093,2087 1128,2087 1162,2086 1196,2086 1230,2085 1264,2084 1298,2084 1333,2083 1333,2037 1298,2038 1264,2038 1230,2039 1196,2040 1162,2040 1128,2041 1093,2041 1059,2041 1025,2041 991,2042 957,2041 923,2041 889,2041 854,2040 820,2040 786,2039 752,2038 718,2037 684,2036 650,2034"/><Baseline points="650,2065 684,2067 718,2068 752,2069 786,2070 820,2071 854,2071 889,2072 923,2072 957,2072 991,2073 1025,2072 1059,2072 1093,2072 1128,2072 1162,2071 1196,2071 1230,2070 1264,2069 1298,2069 1333,2068"/><TextEquiv><Unicode>Expulit, cunctos radians superna</Unicode></TextEquiv></TextLine><TextEquiv><Unicode>Lumen hoc mundi tenebras nigrantis
Expulit, cunctos radians superna</Unicode></TextEquiv></TextRegion></Page></PcGts>