<?xml version='1.0' encoding='UTF-8'?>
<PcGts xmlns:xsi="http://www.w3.org/2001/XMLSchema-instance" xmlns="http://schema.primaresearch.org/PAGE/gts/pagecontent/2019-07-15" xsi:schemaLocation="http://schema.primaresearch.org/PAGE/gts/pagecontent/2019-07-15 http://schema.primaresearch.org/PAGE/gts/pagecontent/2019-07-15/pagecontent.xsd"><Metadata><Creator>prov=University of Rostock/Institute of Mathematics/CITlab|PLANET AI GmbH/Tobias Gruening/tobias.gruening@planet-ai.de:name=/net_tf/LA73_249_0mod360.pb:de.uros.citlab.segmentation.CITlab_LA_ML:v=2.6.7
Transkribus</Creator><Created>2022-06-08T15:48:21</Created><LastChange>2022-12-20T18:38:50</LastChange><Comments/></Metadata><Page imageFilename="BOss_XVI_Qu.2403-0017.jpg" imageHeight="2382" imageWidth="1780"><ReadingOrder><OrderedGroup caption="Regions reading order" id="ro_1671557930907"><RegionRefIndexed index="0" regionRef="TextRegion_1656011316222_200"/><RegionRefIndexed index="1" regionRef="TextRegion_1656011322127_206"/><RegionRefIndexed index="2" regionRef="TextRegion_1656011325918_212"/><RegionRefIndexed index="3" regionRef="TextRegion_1656011330301_218"/><RegionRefIndexed index="4" regionRef="TextRegion_1656011333380_223"/><RegionRefIndexed index="5" regionRef="TextRegion_1656011336685_228"/><RegionRefIndexed index="6" regionRef="TextRegion_1656011340884_234"/><RegionRefIndexed index="7" regionRef="TextRegion_1656011346509_239"/><RegionRefIndexed index="8" regionRef="TextRegion_1656011350726_244"/><RegionRefIndexed index="9" regionRef="TextRegion_1656011354478_249"/><RegionRefIndexed index="10" regionRef="TextRegion_1656011354478_248"/><RegionRefIndexed index="11" regionRef="TextRegion_1656011300603_187"/></OrderedGroup></ReadingOrder><TextRegion custom="readingOrder {index:0;} structure {type:header;}" id="TextRegion_1656011316222_200" orientation="0.0" type="header"><Coords points="85,151 1345,151 1345,203 85,203"/><TextLine custom="readingOrder {index:0;}" id="r1l1"><Coords points="162,198 162,210 280,217 281,217 283,217 320,207 415,213 416,213 475,205 488,213 489,213 490,213 492,213 547,205 615,211 616,211 786,209 829,199 923,206 925,206 926,206 946,197 997,197 1016,205 1017,205 1019,205 1057,197 1175,201 1176,201 1214,193 1240,201 1241,201 1242,201 1244,201 1245,201 1255,194 1255,179 1253,131 1106,124 1105,124 1103,124 1077,136 767,140 715,131 714,131 622,142 565,133 563,133 469,145 447,136 445,136 444,136 357,137 356,137 354,137 345,144 238,138 236,138 235,138 203,149 161,145 162,198"/><Baseline points="163,199 217,198 272,196 327,196 381,195 436,194 491,193 545,193 600,192 655,192 710,191 764,190 819,190 874,189 928,188 983,187 1038,186 1092,185 1147,183 1202,182 1257,180"/><TextEquiv><Unicode>TRES PARTES EPISTOLE COMPLECTENS</Unicode></TextEquiv></TextLine><TextEquiv><Unicode>TRES PARTES EPISTOLE COMPLECTENS</Unicode></TextEquiv></TextRegion><TextRegion custom="readingOrder {index:1;} structure {type:paragraph;}" id="TextRegion_1656011322127_206" orientation="0.0" type="paragraph"><Coords points="85,203 1345,203 1345,472 85,472"/><TextLine custom="readingOrder {index:0;}" id="r1l2"><Coords points="95,267 95,275 174,285 176,285 177,285 215,276 255,284 256,284 340,272 465,280 467,280 468,280 512,269 664,277 665,277 667,277 689,268 745,273 746,273 835,264 894,273 895,273 1032,271 1101,260 1163,268 1164,268 1165,268 1193,260 1318,267 1319,247 1315,202 1233,203 1232,203 1199,214 1024,207 1023,207 1021,207 988,218 807,211 805,211 804,211 772,220 706,213 705,213 704,213 660,223 354,218 353,218 352,218 318,230 252,230 235,220 234,220 232,220 231,220 230,220 217,230 164,222 162,222 93,231 95,267"/><Baseline points="96,268 157,266 218,265 279,264 340,263 402,262 463,261 524,260 585,259 646,258 708,258 769,257 830,256 891,255 952,254 1014,253 1075,252 1136,252 1197,250 1258,249 1320,248"/><TextEquiv><Unicode>meque iucundor que iam tempestas et impetus fortunarum agit</Unicode></TextEquiv></TextLine><TextLine custom="readingOrder {index:1;}" id="r1l3"><Coords points="84,332 84,352 316,340 381,348 382,348 383,348 402,338 473,337 541,345 542,345 614,336 704,342 705,342 759,341 760,341 784,332 845,340 846,340 895,330 1091,336 1093,336 1094,336 1095,336 1110,326 1171,334 1172,334 1220,325 1242,330 1244,330 1245,330 1327,322 1328,310 1326,275 1246,267 1245,267 1244,267 1212,279 1147,271 1146,271 1144,271 1143,271 1131,279 1085,271 1083,271 1082,271 1081,271 1070,277 1048,272 1046,272 1045,272 1044,272 1005,284 911,284 893,273 891,273 890,273 889,273 835,281 782,275 780,275 779,275 778,275 759,287 624,277 623,277 545,291 490,280 489,280 389,293 313,283 312,283 311,283 263,296 83,297 84,332"/><Baseline points="85,333 147,332 209,330 271,329 334,328 396,327 458,326 520,325 583,324 645,324 707,323 769,322 832,321 894,320 956,320 1018,319 1081,318 1143,316 1205,315 1267,313 1330,312"/><TextEquiv><Unicode>tecum mitius, omnia profecto quicquid dexteritatis tibi condu-</Unicode></TextEquiv></TextLine><TextLine custom="readingOrder {index:2;}" id="r1l4"><Coords points="97,397 97,414 300,407 341,415 342,415 344,415 369,406 399,414 400,414 402,414 457,404 603,411 604,411 681,403 709,410 710,410 712,410 713,410 749,400 799,408 800,408 902,398 975,406 976,406 978,406 995,398 1034,404 1036,404 1037,404 1075,395 1144,402 1146,402 1147,402 1148,402 1160,394 1197,402 1199,402 1331,398 1332,378 1328,333 1151,346 1115,336 1114,336 1112,336 1044,348 1015,337 1013,337 1012,337 1011,337 984,348 963,338 962,338 960,338 907,349 878,340 877,340 803,340 801,340 800,340 799,340 782,352 755,341 754,341 753,341 657,349 636,342 635,342 633,342 632,342 631,342 615,354 565,354 545,346 543,346 542,346 541,346 509,355 451,345 449,345 448,345 422,357 362,349 361,349 359,349 358,349 344,359 272,359 231,349 230,349 228,349 227,349 210,361 96,362 97,397"/><Baseline points="99,398 160,397 222,395 284,394 346,394 407,393 469,392 531,391 593,390 654,390 716,389 778,388 840,388 901,387 963,386 1025,385 1087,384 1148,383 1210,382 1272,381 1334,379"/><TextEquiv><Unicode>citur non minori alacritate suscipio, quam si meipsum fortunę be-</Unicode></TextEquiv></TextLine><TextLine custom="readingOrder {index:3;} heading {offset:21; length:10;}" id="line_1656012040121_270"><Coords points="93,465 93,476 287,468 304,475 305,475 307,475 463,473 582,464 644,471 645,471 680,464 996,464 997,449 996,406 901,400 899,400 898,400 897,400 882,412 861,403 860,403 698,403 697,403 655,410 653,410 652,410 632,424 399,418 398,418 397,418 373,427 324,408 322,408 296,408 295,408 293,408 292,408 269,423 248,410 247,410 246,410 244,410 243,410 223,419 203,414 202,414 201,414 199,414 170,430 131,422 129,422 128,422 92,431 93,465"/><Baseline points="94,467 119,463 144,461 169,459 194,458 219,457 245,457 270,456 295,456 320,456 345,456 371,457 396,457 421,458 446,458 471,459 497,459 644,457 669,455 694,454 720,453 745,452 770,451 796,451 821,451 846,451 872,451 897,451 922,451 948,451 973,451 999,451"/><TextEquiv><Unicode>nigniter aspicerent. CONTRARIA.</Unicode></TextEquiv></TextLine><TextEquiv><Unicode>meque iucundor que iam tempestas et impetus fortunarum agit
tecum mitius, omnia profecto quicquid dexteritatis tibi condu-
citur non minori alacritate suscipio, quam si meipsum fortunę be-
nigniter aspicerent. CONTRARIA.</Unicode></TextEquiv></TextRegion><TextRegion custom="readingOrder {index:2;} structure {type:paragraph;}" id="TextRegion_1656011325918_212" orientation="0.0" type="paragraph"><Coords points="85,472 1345,472 1345,668 85,668"/><TextLine custom="readingOrder {index:0;} drop-capital {offset:0; length:7;}" id="r1l7"><Coords points="89,522 89,537 770,537 770,535 807,528 905,534 906,534 948,526 1003,533 1004,533 1046,525 1090,531 1091,531 1316,522 1318,510 1314,471 1255,476 1218,465 1217,465 1216,465 1214,465 1176,476 1156,467 1155,467 1154,467 1152,467 1151,467 1134,477 1094,469 1093,469 1040,479 993,471 992,471 991,471 972,479 914,469 913,469 911,469 884,479 862,469 861,469 817,469 816,469 815,469 767,481 664,476 663,476 563,483 545,476 543,476 542,476 496,484 468,473 467,473 465,473 464,473 435,481 88,479 89,522"/><Baseline points="91,524 152,523 213,523 275,523 336,523 398,522 459,522 520,522 582,522 643,521 705,521 766,520 827,519 889,519 950,518 1012,517 1073,516 1134,515 1196,514 1257,513 1319,511"/><TextEquiv><Unicode>INDOLEO vehementer eum te esse qui ius humanitatis vio</Unicode></TextEquiv></TextLine><TextLine custom="readingOrder {index:1;}" id="r1l8"><Coords points="97,604 145,596 402,604 403,604 547,595 698,603 700,603 701,603 730,594 846,594 996,602 997,602 1061,595 1077,600 1078,600 1079,600 1081,600 1106,592 1286,592 1328,600 1330,580 1328,537 1228,537 1226,537 1163,547 1023,537 1021,537 1020,537 983,549 974,542 972,542 971,542 970,542 910,547 876,538 874,538 873,538 872,538 870,538 853,549 763,543 762,543 636,550 591,541 590,541 550,550 534,539 533,539 532,539 530,539 529,539 505,550 422,542 420,542 419,542 383,551 358,541 357,541 356,541 354,541 324,553 283,553 262,541 260,541 259,541 222,547 182,541 181,541 179,541 156,551 97,549 97,586 97,604"/><Baseline points="99,587 160,588 222,589 283,589 345,589 407,589 468,588 530,588 591,587 653,586 715,585 776,585 838,584 899,583 961,582 1023,581 1084,581 1146,580 1207,580 1269,581 1331,581"/><TextEquiv><Unicode>lare studes, et non erubescis tua temeritate officium amicitię</Unicode></TextEquiv></TextLine><TextLine custom="readingOrder {index:2;} heading {offset:21; length:6;}" id="line_1656012122604_277"><Coords points="101,651 101,665 182,665 209,673 210,673 211,673 213,673 234,664 307,672 308,672 348,665 522,669 524,669 525,669 555,660 715,660 739,666 741,666 742,666 849,659 849,647 848,607 672,602 670,602 669,602 668,602 668,603 645,625 518,625 475,614 473,614 472,614 471,614 455,621 432,606 431,606 430,606 428,606 427,606 426,606 402,623 362,614 361,614 359,614 341,624 280,627 255,607 254,607 252,607 251,607 221,614 202,608 201,608 199,608 198,608 197,608 181,620 117,608 116,608 115,608 113,608 100,619 101,651"/><Baseline points="102,652 127,652 152,652 177,652 203,653 228,653 253,654 279,655 304,655 329,656 354,656 380,657 405,657 430,657 456,656 481,655 506,655 532,654 656,652 683,651 711,650 739,649 766,648 794,647 822,647 850,648"/><TextEquiv><Unicode>communis perturbare. ALIVD.</Unicode></TextEquiv></TextLine><TextEquiv><Unicode>INDOLEO vehementer eum te esse qui ius humanitatis vio
lare studes, et non erubescis tua temeritate officium amicitię
communis perturbare. ALIVD.</Unicode></TextEquiv></TextRegion><TextRegion custom="readingOrder {index:3;} structure {type:paragraph;}" id="TextRegion_1656011330301_218" orientation="0.0" type="paragraph"><Coords points="85,668 1345,668 1345,855 85,855"/><TextLine custom="readingOrder {index:0;}" id="r1l11"><Coords points="101,719 101,735 303,738 304,738 341,730 407,737 408,737 410,737 444,729 490,735 492,735 532,727 570,734 571,734 619,727 758,731 759,731 760,731 774,725 901,730 902,730 1025,721 1196,726 1197,726 1246,718 1286,725 1287,725 1337,715 1337,704 1335,661 1269,657 1267,657 1266,657 1236,668 1172,660 1171,660 1119,672 1061,660 1060,660 1058,660 1023,673 927,661 926,661 925,661 923,661 903,673 767,664 766,664 764,664 715,678 602,678 582,666 580,666 579,666 578,666 522,669 521,669 520,669 506,678 490,668 489,668 488,668 436,668 435,668 434,668 407,681 325,674 324,674 322,674 289,682 272,672 271,672 269,672 268,672 267,672 238,682 179,672 178,672 100,677 101,719"/><Baseline points="102,721 163,721 225,721 287,721 349,721 411,720 472,720 534,719 596,718 658,717 720,716 781,716 843,715 905,713 967,712 1029,711 1090,710 1152,709 1214,707 1276,706 1338,705"/><TextEquiv><Unicode>¶ Cotristor equidem vehementer studiorum te commoda relin-</Unicode></TextEquiv></TextLine><TextLine custom="readingOrder {index:1;}" id="r1l12"><Coords points="109,787 111,807 144,799 228,804 230,804 424,795 484,801 485,801 487,801 517,794 549,800 550,800 620,792 680,799 681,799 682,799 704,792 923,796 925,796 1331,784 1331,771 1328,739 1192,730 1191,730 1189,730 1188,730 1173,741 1127,741 1103,731 1102,731 1029,731 1028,731 1026,731 1025,731 1011,743 962,743 939,733 938,733 936,733 935,733 934,733 917,743 852,734 850,734 796,746 755,746 739,735 738,735 737,735 735,735 734,735 733,735 717,746 689,737 688,737 643,737 641,737 640,737 615,747 508,739 440,739 439,739 438,739 399,750 341,742 223,742 222,742 221,742 191,752 108,746 109,787"/><Baseline points="110,788 171,787 232,786 293,785 354,784 415,784 476,783 537,782 598,782 659,781 721,781 782,780 843,779 904,779 965,778 1026,777 1087,776 1148,775 1209,774 1270,773 1332,772"/><TextEquiv><Unicode>quentem his inconsulte te rebus intendere quę (dummodo con-</Unicode></TextEquiv></TextLine><TextLine custom="readingOrder {index:2;}" id="r1l13"><Coords points="99,853 100,873 133,864 281,872 283,872 284,872 326,861 345,870 346,870 348,870 403,860 493,869 494,869 496,869 497,869 497,868 505,861 594,868 595,868 735,857 801,864 803,864 849,854 888,862 889,862 890,862 915,853 926,862 927,862 929,862 930,864 958,864 958,862 959,862 980,852 1094,850 1095,840 1093,805 988,807 962,797 960,797 959,797 890,807 858,797 857,797 856,797 854,797 825,808 766,800 764,800 763,800 762,800 749,809 698,803 697,803 696,803 694,803 694,804 686,812 651,812 594,801 592,801 468,809 406,803 404,803 403,803 402,803 383,815 349,804 348,804 346,804 287,817 191,817 164,807 162,807 97,807 99,853"/><Baseline points="100,854 149,854 199,853 249,853 299,853 349,852 399,852 448,851 498,850 548,850 598,849 648,848 698,847 748,846 797,845 847,845 897,844 947,843 997,842 1047,841 1097,841"/><TextEquiv><Unicode>sulte egeris) affligent te penitudine sempiterna.</Unicode></TextEquiv></TextLine><TextEquiv><Unicode>¶ Cotristor equidem vehementer studiorum te commoda relin-
quentem his inconsulte te rebus intendere quę (dummodo con-
sulte egeris) affligent te penitudine sempiterna.</Unicode></TextEquiv></TextRegion><TextRegion custom="readingOrder {index:4;} structure {type:[heading];}" id="TextRegion_1656011333380_223" orientation="0.0"><Coords points="85,855 1345,855 1345,923 85,923"/><TextLine custom="readingOrder {index:0;}" id="r1l14"><Coords points="430,913 430,925 955,919 956,907 955,865 895,857 894,857 428,868 430,913"/><Baseline points="431,914 457,914 483,914 509,914 536,914 562,913 588,913 615,912 641,911 667,910 694,909 720,908 746,907 772,906 799,906 825,906 851,905 878,906 904,906 930,907 957,908"/><TextEquiv><Unicode>AB ADMONITIONE.</Unicode></TextEquiv></TextLine><TextEquiv><Unicode>AB ADMONITIONE.</Unicode></TextEquiv></TextRegion><TextRegion custom="readingOrder {index:5;} structure {type:paragraph;}" id="TextRegion_1656011336685_228" orientation="0.0" type="paragraph"><Coords points="85,923 1345,923 1345,1188 85,1188"/><TextLine custom="readingOrder {index:0;} drop-capital {offset:0; length:8;}" id="r1l15"><Coords points="87,971 87,984 125,992 127,992 231,985 386,992 387,992 435,985 713,991 714,991 1331,980 1331,966 1330,928 1277,918 1052,918 1050,918 1049,918 1024,926 1015,919 1013,919 1012,919 947,919 946,919 888,930 693,930 668,921 667,921 665,921 602,930 554,921 553,921 551,921 532,931 428,931 414,921 412,921 411,921 410,921 408,921 373,931 350,923 349,923 348,923 276,931 242,922 240,922 239,922 183,931 154,925 153,925 152,925 86,927 87,971"/><Baseline points="88,972 150,974 212,975 274,976 336,976 399,976 461,976 523,976 585,976 647,975 710,974 772,973 834,973 896,972 958,971 1021,970 1083,969 1145,968 1207,968 1269,967 1332,967"/><TextEquiv><Unicode>HORTATVS te quidem fueram vt restrictus frenis liberta-</Unicode></TextEquiv></TextLine><TextLine custom="readingOrder {index:1;}" id="r1l16"><Coords points="97,1038 97,1056 1327,1045 1328,1032 1323,989 1294,999 1250,991 1249,991 1208,999 1191,991 1189,991 1135,991 1134,991 1132,991 1105,999 1077,991 1075,991 1074,991 988,1000 840,992 839,992 782,1001 672,993 670,993 562,1004 436,1004 415,995 414,995 412,995 338,1005 148,1005 134,996 133,996 132,996 131,996 96,1001 97,1038"/><Baseline points="99,1039 160,1040 222,1040 283,1040 345,1040 406,1039 468,1039 529,1039 591,1039 652,1038 714,1038 775,1038 837,1037 898,1037 960,1036 1021,1036 1083,1035 1144,1035 1206,1034 1267,1034 1329,1033"/><TextEquiv><Unicode>tis tuę amicorum tuorum voto viueres, cumque eam viuendi rationem</Unicode></TextEquiv></TextLine><TextLine custom="readingOrder {index:2;}" id="r1l17"><Coords points="101,1123 162,1116 199,1124 201,1124 275,1118 344,1124 345,1124 419,1116 436,1123 438,1123 439,1123 440,1123 456,1116 562,1122 563,1122 909,1112 964,1119 966,1119 1081,1111 1098,1119 1099,1119 1101,1119 1172,1111 1250,1119 1251,1119 1307,1111 1320,1119 1326,1099 1324,1065 1283,1065 1269,1054 1267,1054 1266,1054 1265,1054 1263,1054 1237,1063 1224,1054 1222,1054 1221,1054 1220,1054 1139,1063 1098,1054 1097,1054 1062,1061 1020,1056 1019,1056 1017,1056 1016,1056 1003,1065 975,1056 974,1056 972,1056 914,1065 868,1056 866,1056 865,1056 833,1066 782,1057 780,1057 694,1066 680,1057 678,1057 677,1057 622,1057 620,1057 619,1057 588,1067 506,1062 505,1062 344,1070 317,1070 303,1059 301,1059 300,1059 299,1059 205,1069 190,1059 189,1059 187,1059 101,1059 101,1106 101,1123"/><Baseline points="103,1107 164,1108 225,1108 286,1107 347,1107 409,1107 470,1107 531,1106 592,1105 653,1105 715,1104 776,1104 837,1103 898,1103 959,1102 1021,1102 1082,1101 1143,1101 1204,1100 1265,1100 1327,1100"/><TextEquiv><Unicode>susceperis quę merito nobis omnibus aduersa est. Age vt lubet,</Unicode></TextEquiv></TextLine><TextLine custom="readingOrder {index:3;} heading {offset:54; length:6;}" id="r1l18"><Coords points="97,1172 97,1191 1328,1173 1328,1159 1326,1118 1206,1115 1205,1115 1066,1130 991,1130 974,1120 972,1120 971,1120 970,1120 968,1120 954,1130 864,1124 862,1124 861,1124 833,1131 791,1120 790,1120 788,1120 787,1120 755,1128 632,1122 631,1122 629,1122 628,1122 619,1128 596,1122 595,1122 594,1122 592,1122 591,1122 571,1134 365,1124 363,1124 320,1126 318,1126 317,1126 300,1136 185,1127 183,1127 96,1138 97,1172"/><Baseline points="99,1173 160,1173 222,1173 283,1173 345,1173 406,1172 468,1172 529,1172 591,1172 652,1171 714,1171 775,1170 837,1170 898,1169 960,1168 1021,1167 1083,1166 1144,1165 1206,1164 1267,1162 1329,1160"/><TextEquiv><Unicode>nullum tamem officium beneficij ex nobis expetiturus. ALIVD.</Unicode></TextEquiv></TextLine><TextEquiv><Unicode>HORTATVS te quidem fueram vt restrictus frenis liberta-
tis tuę amicorum tuorum voto viueres, cumque eam viuendi rationem
susceperis quę merito nobis omnibus aduersa est. Age vt lubet,
nullum tamem officium beneficij ex nobis expetiturus. ALIVD.</Unicode></TextEquiv></TextRegion><TextRegion custom="readingOrder {index:6;} structure {type:paragraph;}" id="TextRegion_1656011340884_234" orientation="0.0" type="paragraph"><Coords points="85,1188 1345,1188 1345,1379 85,1379"/><TextLine custom="readingOrder {index:0;}" id="r1l19"><Coords points="100,1234 100,1253 354,1246 447,1254 448,1254 563,1245 786,1251 787,1251 788,1251 790,1251 800,1243 911,1250 913,1250 914,1250 933,1242 1071,1249 1073,1249 1151,1238 1331,1237 1332,1225 1331,1191 1298,1181 1296,1181 1295,1181 1206,1188 1172,1181 1171,1181 1169,1181 1136,1196 1030,1196 1005,1184 1004,1184 1003,1184 1001,1184 972,1196 955,1188 954,1188 952,1188 951,1188 926,1196 898,1184 897,1184 895,1184 795,1198 702,1198 682,1189 681,1189 680,1189 620,1200 567,1200 554,1191 553,1191 551,1191 550,1191 494,1198 443,1188 442,1188 382,1200 336,1189 334,1189 333,1189 308,1200 289,1188 288,1188 287,1188 285,1188 99,1188 100,1234"/><Baseline points="101,1235 162,1236 224,1236 285,1236 347,1236 409,1236 470,1236 532,1236 594,1236 655,1236 717,1236 779,1235 840,1235 902,1234 964,1233 1025,1233 1087,1232 1149,1230 1210,1229 1272,1227 1334,1226"/><TextEquiv><Unicode>¶ Video admonitionem meam qua tanto in te tempore vsus sum</Unicode></TextEquiv></TextLine><TextLine custom="readingOrder {index:1;}" id="r1l20"><Coords points="97,1300 97,1322 158,1312 250,1320 251,1320 252,1320 273,1310 358,1310 386,1318 387,1318 389,1318 571,1307 706,1315 708,1315 709,1315 710,1315 722,1306 828,1315 829,1315 914,1304 1001,1314 1003,1314 1085,1303 1160,1310 1161,1310 1230,1302 1247,1311 1249,1311 1250,1311 1336,1303 1336,1290 1332,1251 1306,1257 1229,1247 1228,1247 1184,1257 1131,1249 1130,1249 1128,1249 1107,1258 1083,1251 1082,1251 1081,1251 1024,1259 991,1250 989,1250 988,1250 923,1259 909,1250 907,1250 906,1250 873,1250 872,1250 870,1250 849,1261 817,1254 816,1254 715,1263 598,1263 583,1255 582,1255 580,1255 579,1255 578,1255 567,1262 512,1254 510,1254 509,1254 508,1254 494,1263 455,1254 453,1254 452,1254 423,1262 411,1254 410,1254 408,1254 407,1254 406,1254 370,1265 324,1255 322,1255 321,1255 299,1263 146,1257 145,1257 96,1267 97,1300"/><Baseline points="99,1301 160,1300 222,1300 284,1299 346,1299 408,1298 470,1298 532,1298 594,1297 656,1297 718,1297 779,1297 841,1296 903,1296 965,1295 1027,1295 1089,1294 1151,1294 1213,1293 1275,1292 1337,1291"/><TextEquiv><Unicode>nullo gratitudinis officio muneratam esse et quantum intellige-</Unicode></TextEquiv></TextLine><TextLine custom="readingOrder {index:2;} heading {offset:40; length:9;}" id="line_1656012454570_292"><Coords points="99,1368 99,1380 661,1370 684,1378 685,1378 686,1378 741,1372 778,1377 779,1377 1045,1365 1136,1373 1138,1373 1139,1373 1176,1364 1254,1372 1255,1372 1303,1363 1304,1353 1303,1314 1261,1306 1180,1306 1179,1306 1177,1306 1176,1306 1164,1312 985,1308 984,1308 983,1308 946,1324 872,1324 820,1310 819,1310 817,1310 816,1310 770,1325 747,1319 746,1319 745,1319 743,1319 725,1325 693,1315 692,1315 690,1315 614,1327 573,1314 571,1314 570,1314 569,1314 567,1314 545,1329 451,1329 402,1323 400,1323 340,1329 303,1316 301,1316 300,1316 299,1316 268,1331 187,1318 186,1318 185,1318 183,1318 162,1332 97,1333 99,1368"/><Baseline points="100,1369 138,1368 177,1367 215,1366 254,1365 293,1364 331,1364 370,1363 409,1363 447,1363 486,1362 525,1362 563,1362 602,1362 641,1361 679,1361 718,1361 757,1361 795,1360 834,1360 873,1359 956,1358 981,1357 1006,1356 1031,1355 1056,1355 1081,1354 1106,1354 1131,1354 1156,1354 1181,1353 1206,1353 1231,1353 1256,1353 1281,1354 1306,1354"/><TextEquiv><Unicode>re phas est puto eam abs te dari risui. CONTRARIA</Unicode></TextEquiv></TextLine><TextEquiv><Unicode>¶ Video admonitionem meam qua tanto in te tempore vsus sum
nullo gratitudinis officio muneratam esse et quantum intellige-
re phas est puto eam abs te dari risui. CONTRARIA</Unicode></TextEquiv></TextRegion><TextRegion custom="readingOrder {index:7;} structure {type:paragraph;}" id="TextRegion_1656011346509_239" orientation="0.0" type="paragraph"><Coords points="85,1379 1345,1379 1345,1571 85,1571"/><TextLine custom="readingOrder {index:0;} drop-capital {offset:0; length:8;}" id="r1l23"><Coords points="103,1429 103,1447 193,1439 308,1446 309,1446 311,1446 312,1446 324,1438 435,1446 436,1446 438,1446 459,1439 664,1443 665,1443 667,1443 668,1443 678,1437 746,1443 747,1443 804,1435 862,1442 864,1442 1155,1441 1156,1441 1157,1441 1171,1431 1336,1435 1337,1419 1336,1384 1307,1373 1306,1373 1304,1373 1233,1384 1161,1373 1160,1373 1159,1373 1157,1373 1144,1382 1073,1374 1071,1374 1070,1374 1037,1385 1003,1374 1001,1374 1000,1374 999,1374 997,1374 980,1388 877,1388 840,1376 839,1376 837,1376 836,1376 835,1376 819,1386 759,1377 758,1377 756,1377 735,1388 712,1381 710,1381 709,1381 673,1388 645,1377 644,1377 643,1377 591,1390 497,1390 483,1380 481,1380 480,1380 479,1380 477,1380 452,1390 383,1380 382,1380 275,1381 273,1381 252,1390 223,1381 222,1381 221,1381 101,1388 103,1429"/><Baseline points="104,1430 165,1430 227,1430 289,1430 351,1430 412,1430 474,1429 536,1429 598,1429 659,1428 721,1428 783,1427 845,1427 906,1426 968,1425 1030,1424 1092,1424 1153,1423 1215,1422 1277,1421 1339,1420"/><TextEquiv><Unicode>NON OPVS habeo admonitione aliqua ad te, et ipsa verba</Unicode></TextEquiv></TextLine><TextLine custom="readingOrder {index:1;}" id="r1l24"><Coords points="115,1519 223,1517 224,1517 267,1505 293,1516 295,1516 296,1516 297,1516 326,1508 362,1516 363,1516 365,1516 393,1505 542,1515 543,1515 648,1508 681,1513 682,1513 684,1513 726,1503 791,1512 792,1512 888,1500 988,1500 1003,1507 1004,1507 1005,1507 1062,1499 1127,1507 1128,1507 1130,1507 1131,1507 1140,1500 1168,1509 1169,1509 1171,1509 1172,1509 1206,1500 1233,1508 1234,1508 1236,1508 1237,1508 1270,1498 1337,1498 1337,1484 1336,1439 1275,1438 1274,1438 1273,1438 1251,1447 1216,1441 1214,1441 1213,1441 1164,1454 1127,1454 1097,1439 1095,1439 1094,1439 1093,1439 1077,1446 1016,1441 1015,1441 1013,1441 984,1453 913,1445 911,1445 910,1445 876,1456 760,1456 734,1442 733,1442 731,1442 730,1442 690,1458 620,1458 596,1443 595,1443 594,1443 592,1443 543,1445 542,1445 514,1458 489,1446 488,1446 487,1446 485,1446 460,1458 406,1447 404,1447 403,1447 374,1458 307,1446 305,1446 201,1460 115,1453 115,1495 115,1519"/><Baseline points="116,1496 177,1496 238,1496 299,1495 360,1495 421,1495 482,1494 544,1494 605,1493 666,1493 727,1492 788,1492 849,1491 910,1491 972,1490 1033,1489 1094,1489 1155,1488 1216,1487 1277,1486 1339,1485"/><TextEquiv><Unicode>quoque esse iudicio superflua, et enim tua virtute facies quę vtili-</Unicode></TextEquiv></TextLine><TextLine custom="readingOrder {index:2;} heading {offset:26; length:6;}" id="line_1656012580399_299"><Coords points="111,1570 234,1577 235,1577 284,1569 358,1576 359,1576 361,1576 362,1576 362,1574 363,1574 369,1568 484,1574 485,1574 487,1574 509,1566 610,1573 611,1573 661,1565 694,1572 696,1572 751,1564 995,1564 997,1554 996,1516 959,1507 958,1507 865,1507 864,1507 812,1508 811,1508 809,1508 790,1527 648,1527 614,1519 612,1519 611,1519 550,1527 541,1519 539,1519 538,1519 537,1519 535,1519 512,1527 472,1516 471,1516 469,1516 468,1516 442,1523 430,1513 430,1512 428,1512 427,1512 426,1512 350,1524 301,1513 300,1513 299,1513 297,1513 297,1515 283,1528 268,1521 267,1521 266,1521 264,1521 250,1528 215,1515 214,1515 111,1515 111,1554 111,1570"/><Baseline points="112,1555 139,1556 167,1558 195,1558 223,1559 251,1559 279,1559 306,1559 334,1559 362,1558 390,1558 418,1557 446,1556 474,1556 501,1556 529,1556 557,1556 585,1556 613,1557 641,1557 669,1559 795,1556 820,1555 845,1555 871,1554 896,1553 921,1552 947,1552 972,1553 998,1555"/><TextEquiv><Unicode>tati meę duxeris oprtuna. ALIVD.</Unicode></TextEquiv></TextLine><TextEquiv><Unicode>NON OPVS habeo admonitione aliqua ad te, et ipsa verba
quoque esse iudicio superflua, et enim tua virtute facies quę vtili-
tati meę duxeris oprtuna. ALIVD.</Unicode></TextEquiv></TextRegion><TextRegion custom="readingOrder {index:8;} structure {type:paragraph;}" id="TextRegion_1656011350726_244" orientation="0.0" type="paragraph"><Coords points="85,1571 1345,1571 1345,1749 85,1749"/><TextLine custom="readingOrder {index:0;}" id="r1l27"><Coords points="99,1615 99,1631 107,1636 108,1636 109,1636 111,1638 146,1638 146,1636 148,1636 165,1627 256,1636 258,1636 500,1630 672,1636 673,1636 674,1636 704,1627 897,1626 988,1634 989,1634 991,1634 1024,1626 1337,1631 1339,1613 1337,1570 1230,1570 1229,1570 1228,1570 1206,1582 1154,1582 1124,1570 1123,1570 1122,1570 1073,1581 1041,1570 1040,1570 1009,1570 1008,1570 1007,1570 985,1582 926,1582 901,1570 899,1570 856,1570 854,1570 853,1570 829,1581 804,1573 803,1573 801,1573 800,1573 780,1581 747,1570 746,1570 745,1570 743,1570 719,1584 561,1584 537,1576 535,1576 534,1576 432,1582 416,1576 415,1576 414,1576 359,1582 344,1572 342,1572 341,1572 340,1572 259,1582 158,1572 157,1572 97,1578 99,1615"/><Baseline points="100,1617 162,1618 224,1619 286,1620 348,1621 410,1621 472,1620 534,1620 596,1619 658,1619 720,1618 782,1617 844,1616 906,1615 968,1614 1030,1614 1092,1613 1154,1613 1216,1613 1278,1614 1340,1614"/><TextEquiv><Unicode>¶ Non dubitio ea te virtute preditum esse vt nulla ad te mihi ad</Unicode></TextEquiv></TextLine><TextLine custom="readingOrder {index:1;}" id="r1l28"><Coords points="105,1696 115,1703 116,1703 117,1703 119,1704 203,1704 203,1703 246,1693 311,1703 312,1703 577,1693 592,1703 594,1703 595,1703 596,1704 661,1704 661,1703 663,1703 681,1693 811,1693 837,1703 839,1703 840,1704 872,1704 872,1703 873,1703 874,1703 889,1693 1220,1693 1242,1703 1244,1703 1245,1703 1337,1695 1339,1681 1336,1642 1278,1646 1249,1635 1247,1635 1169,1635 1168,1635 1083,1647 1065,1635 1064,1635 1062,1635 950,1635 948,1635 947,1635 946,1635 926,1648 899,1648 864,1635 862,1635 861,1635 820,1636 819,1636 817,1636 800,1648 690,1635 689,1635 688,1635 660,1648 591,1639 590,1639 588,1639 587,1639 573,1650 532,1650 504,1635 502,1635 501,1635 455,1642 442,1635 440,1635 439,1635 438,1635 436,1635 415,1650 291,1650 224,1635 223,1635 222,1635 178,1650 105,1650 105,1683 105,1696"/><Baseline points="107,1684 168,1685 230,1686 291,1686 353,1686 415,1686 476,1686 538,1685 600,1685 661,1684 723,1683 785,1682 846,1682 908,1681 970,1681 1031,1680 1093,1680 1155,1680 1216,1681 1278,1682 1340,1683"/><TextEquiv><Unicode>monitione opus sit. Et enim pristina viuendi consuetudo sugge</Unicode></TextEquiv></TextLine><TextLine custom="readingOrder {index:2;}" id="r1l29"><Coords points="101,1750 101,1762 134,1773 136,1773 137,1773 138,1773 140,1773 146,1767 154,1773 156,1773 157,1773 158,1774 230,1774 230,1773 231,1773 251,1764 291,1773 292,1773 370,1766 447,1771 448,1771 449,1771 451,1771 467,1762 582,1769 583,1769 635,1762 644,1770 644,1771 645,1771 647,1771 648,1771 706,1764 706,1748 700,1704 686,1715 633,1705 632,1705 631,1705 612,1716 554,1716 545,1707 545,1705 543,1705 542,1705 541,1705 539,1705 528,1711 506,1704 505,1704 504,1704 502,1704 501,1704 501,1705 489,1716 472,1716 430,1704 428,1704 427,1704 426,1704 404,1716 395,1709 394,1709 393,1709 391,1709 342,1716 330,1707 330,1705 329,1705 328,1705 224,1705 223,1705 160,1716 137,1705 136,1705 134,1705 133,1705 132,1705 132,1707 121,1717 100,1717 101,1750"/><Baseline points="103,1751 149,1751 196,1752 242,1752 289,1752 336,1752 382,1752 429,1752 475,1752 522,1751 569,1751 615,1750 662,1750 708,1749"/><TextEquiv><Unicode>rit, vt id fiducię et estimationis de te habeam.</Unicode></TextEquiv></TextLine><TextEquiv><Unicode>¶ Non dubitio ea te virtute preditum esse vt nulla ad te mihi ad
monitione opus sit. Et enim pristina viuendi consuetudo sugge
rit, vt id fiducię et estimationis de te habeam.</Unicode></TextEquiv></TextRegion><TextRegion custom="readingOrder {index:9;} structure {type:[heading];}" id="TextRegion_1656011354478_249" orientation="0.0"><Coords points="85,1749 1345,1749 1345,1831 85,1831"/><TextLine custom="readingOrder {index:0;}" id="r1l31"><Coords points="484,1816 484,1834 522,1834 522,1832 524,1832 525,1832 537,1824 606,1832 607,1832 655,1826 767,1832 768,1832 770,1832 771,1832 771,1831 778,1824 795,1832 796,1832 798,1832 799,1832 800,1832 808,1824 831,1832 832,1832 833,1832 835,1832 861,1824 970,1830 972,1815 971,1773 880,1761 878,1761 803,1769 669,1765 668,1765 667,1765 640,1773 578,1765 577,1765 575,1765 574,1765 558,1775 521,1775 512,1766 510,1766 509,1766 508,1766 506,1766 483,1774 484,1816"/><Baseline points="485,1818 510,1819 536,1819 562,1818 587,1818 613,1817 639,1817 664,1817 690,1816 716,1815 741,1815 767,1814 793,1814 818,1814 844,1813 870,1814 895,1814 921,1814 947,1815 973,1816"/><TextEquiv><Unicode>A GRATITVDINE.</Unicode></TextEquiv></TextLine><TextEquiv><Unicode>A GRATITVDINE.</Unicode></TextEquiv></TextRegion><TextRegion custom="readingOrder {index:10;} structure {type:paragraph;}" id="TextRegion_1656011354478_248" orientation="0.0" type="paragraph"><Coords points="85,1831 1345,1831 1345,2032 85,2032"/><TextLine custom="readingOrder {index:0;} drop-capital {offset:0; length:6;}" id="r1l32"><Coords points="105,1880 105,1893 698,1897 700,1897 877,1896 929,1888 1156,1893 1157,1893 1195,1887 1275,1893 1277,1893 1331,1884 1332,1872 1327,1824 1283,1839 1209,1830 1208,1830 1206,1830 1189,1839 1155,1826 1154,1826 1152,1826 1151,1826 1110,1842 1068,1842 1041,1827 1040,1827 1038,1827 974,1840 927,1834 926,1834 874,1843 779,1843 768,1835 767,1835 766,1835 764,1835 763,1835 762,1835 753,1842 717,1836 715,1836 647,1843 614,1831 612,1831 611,1831 610,1831 608,1831 590,1843 492,1835 490,1835 489,1835 488,1835 473,1846 423,1846 400,1831 399,1831 398,1831 397,1831 104,1835 105,1880"/><Baseline points="106,1881 167,1881 228,1882 290,1882 351,1882 412,1882 474,1882 535,1882 596,1882 658,1882 719,1882 780,1882 842,1882 903,1881 964,1881 1026,1880 1087,1879 1148,1877 1210,1876 1271,1875 1333,1873"/><TextEquiv><Unicode>GRATVS sum admodum que tuo nomine vnas has et ad hęc se</Unicode></TextEquiv></TextLine><TextLine custom="readingOrder {index:1;}" id="r1l33"><Coords points="103,1946 103,1958 348,1969 349,1969 350,1969 352,1969 363,1961 407,1965 408,1965 410,1965 422,1958 436,1967 438,1967 439,1967 440,1967 442,1967 460,1958 518,1958 545,1967 546,1967 547,1967 586,1959 615,1967 616,1967 618,1969 717,1969 717,1967 779,1958 813,1966 815,1966 816,1966 907,1958 966,1966 967,1966 1029,1955 1090,1965 1091,1966 1160,1966 1160,1965 1161,1965 1180,1955 1220,1962 1221,1962 1222,1962 1224,1962 1236,1955 1344,1955 1344,1941 1340,1897 1259,1906 1224,1902 1222,1902 1221,1902 1202,1910 1119,1898 1118,1898 1116,1898 1081,1908 1068,1898 1066,1898 1065,1898 1064,1898 1017,1909 1003,1900 1001,1900 1000,1900 951,1900 950,1900 948,1900 925,1913 807,1913 776,1901 775,1901 774,1901 718,1914 558,1914 524,1901 522,1901 521,1901 359,1916 336,1916 314,1902 313,1902 312,1902 280,1902 279,1902 277,1902 252,1916 183,1916 156,1902 154,1902 153,1902 101,1910 103,1946"/><Baseline points="104,1947 166,1948 228,1949 290,1949 352,1950 414,1950 476,1950 538,1950 600,1950 662,1950 724,1950 786,1949 848,1949 910,1948 972,1948 1034,1947 1096,1946 1158,1945 1220,1944 1282,1943 1345,1942"/><TextEquiv><Unicode>rius redditas mihi literas exceꝑim, pro eo presertim, que vetus id</Unicode></TextEquiv></TextLine><TextLine custom="readingOrder {index:2;}" id="r1l34"><Coords points="105,2065 354,2064 356,2064 416,2033 445,2037 447,2037 561,2026 602,2035 603,2035 725,2029 776,2040 778,2040 779,2040 807,2028 880,2033 881,2033 940,2024 974,2043 975,2043 976,2043 978,2043 1052,2024 1066,2031 1068,2031 1069,2031 1148,2024 1173,2028 1224,2063 1225,2063 1226,2063 1228,2063 1315,2051 1316,2008 1315,1963 1283,1963 1282,1963 1281,1963 1279,1963 1263,1974 1222,1963 1221,1963 1220,1963 1180,1970 1148,1963 1147,1963 1089,1974 1074,1963 1073,1963 1071,1963 1041,1963 1040,1963 1038,1963 1037,1963 1016,1978 970,1978 951,1965 950,1965 948,1965 947,1965 946,1965 918,1974 897,1963 895,1963 894,1963 833,1967 832,1967 831,1967 816,1978 693,1978 643,1965 641,1965 640,1965 525,1969 524,1969 505,1979 373,1979 353,1969 352,1969 350,1969 349,1969 330,1979 273,1979 240,1965 239,1965 238,1965 236,1965 201,1975 189,1967 187,1967 186,1967 185,1967 183,1967 158,1978 105,1974 105,2011 105,2065"/><Baseline points="107,2012 167,2013 228,2015 288,2016 349,2017 409,2018 470,2018 530,2018 591,2018 651,2018 712,2018 773,2017 833,2016 894,2015 954,2014 1015,2014 1075,2013 1136,2012 1196,2011 1257,2010 1318,2009"/><TextEquiv><Unicode>amicitię nostrę nomen in affectu tuo obliterationem non suscepit.</Unicode></TextEquiv></TextLine><TextEquiv><Unicode>GRATVS sum admodum que tuo nomine vnas has et ad hęc se
rius redditas mihi literas exceꝑim, pro eo presertim, que vetus id
amicitię nostrę nomen in affectu tuo obliterationem non suscepit.</Unicode></TextEquiv></TextRegion><TextRegion custom="readingOrder {index:11;} structure {type:catch-word;}" id="TextRegion_1656011300603_187" orientation="0.0" type="catch-word"><Coords points="1078,2032 1345,2032 1345,2097 1078,2097"/><TextLine custom="readingOrder {index:0;}" id="line_1656012855464_317"><Coords points=""/><Baseline points="1078,2098 1096,2098 1152,2098 1208,2098 1264,2098 1321,2098 1172,2065 1192,2067"/><TextEquiv><Unicode>B 3</Unicode></TextEquiv></TextLine><TextEquiv><Unicode>B 3</Unicode></TextEquiv></TextRegion></Page></PcGts>