1865 2382
165 173 1320 265 TRES PARTES EPISTOLE COMPECTENS
92 255 1320 344 si sana mente ad omnia ruris oblectamenta spectanda, et perquiren-
105 326 1320 404 da commoda te receperis; non erit quod execratione dignum audeas
100 391 1320 465 reputare. Inuenies illic esse nihil quod non ad dulcem et honestam
100 456 697 538 te vitę rationem inuitaret. AB ADMONITIONE.
QVAPROPTER persuasum tibi putes alumnos vires con
103 588 1320 666 tagionis peste vexari non posse, cum illic saluberrima sint om-
97 656 1320 727 nia, et frugalitati atque parsimonię deptuanda. Sic neque in con
101 723 1148 794 ditionem deteriorem procumbituros atque per ducturos
381 778 1093 858 A QVALITATE PERSONE.
95 858 1319 921 ILLIBERALIS animus, non loco sed suo vitio degenerare
93 917 1320 992 solet, et qualia quisque in stomacho initio vitia concoxerit, ta-
97 973 950 1050 lia vbiuis eum pre se ferre conueniet.
121 1029 1281 1127 DVCTVS CONTRARIVS A VOLVPTATERE
362 1110 1167 1192 trahens initium ab admonitione.
83 1173 1320 1250 HORTATVR me Fuluiane Ioannes singularis amicitię vir-
84 1243 1320 1312 tus quę semper tecum mihi communis fuerat, tale ad te literarum
78 1306 1320 1384 dare munus, quod et consentaneum amicitię et tuę foret com-
97 1364 980 1449 modius honestati. A FAMA.
99 1433 1320 1505 CVM te presertim petulanter ac improbe, in flagitiosos repen
95 1495 1320 1565 te corruisse mores, late fusa passim fama deferat et accuset.
103 1558 1320 1646 A SPE PLVRIMVM ingrata et iniocunda nobis quos spe
93 1622 1105 1697 et expectatione boni de te polliciti eousque aluisti.
439 1684 946 1753 AB ESTIMATIONE.
100 1756 1320 1830 QVIS vnquam credidisset que ad tantarum impudicitiarum agmen
tererrimum penitus dedendus, atque in hanc vitę voluptatem mi
92 1891 1320 1971 seram conijciendus totus fores, quę in omni tibi sensu impli-
97 1961 1160 2023 cata insidens, iamque te lumine rationis excecauit
87 2019 1320 2130 A DESIDERIO VELLEM stultitię te argueres, et ad quae
1110 2097 1212 2157 F 2
