1763 2377
197 182 1121 222 DE TRIBUS PARTIBVS EPISTOLAE.
39 233 1289 279 epistolę partem conuenientius quasi conclusionis digne duxi fore
48 282 1279 334 nominandam. Siquidem conclusio cum artificiosus sit terminus to
45 336 1285 385 tius orationis summam et artificium preferens, in qua victorie sistit
45 392 1279 438 virtus omnis, magnę artis finem et exitum denominet. Hac in
49 446 1275 492 epistolę vero postrema parte non tam ars quasi modus conuenien-
55 500 1281 546 tis exitus requiritur, ad id dumtaxat, ut quisque scire queat desyde-
47 557 1279 600 rio quietem commodam inducere, sistere atque stabilire voluntatem
62 610 702 655 quod affectui proprie tribuitur.
289 667 995 708 DE INITIO EPISTOLARUM
62 741 326 981 D
400 720 1284 760 Ata ratione et causa sufficienti circa partium
395 774 1292 814 epistolę denominationem exposita, ne cui vide
387 827 1283 869 retur eadem ipsa expositio insolens et insueta.
376 879 1293 921 Nunc quemadmodum initia literarum inueniri
396 932 1284 976 debeant, locis et exemplis ea facilitate qua ma-
386 986 1296 1029 ior haberi non poterit monstrabitur. Licet inue
61 1038 1290 1079 niendorum initiorum epistolarum sedes omnes, fere ab hic virtuti-
62 1090 1288 1136 bus quas Cicero principiis attribuit sumendas putent (eorum
55 1146 1293 1189 pace) verius ab ipsis circumstantiis omnium initiorum nostrorum rati
66 1194 1294 1243 onem atque fundamenta iudicio sumi oportere. Quas sex esse
62 1250 1297 1296 et in his consistere sex interrogationibus dubitabit nemo. Quis
65 1303 1293 1347 quid / cur / quando / ubi / quomodo? Quis personam nominat, quid
60 1359 1291 1402 factum, cur causam, quando tempus, ubi locum, quomodo mo-
66 1412 1281 1457 dum. Heę siquidem sex rem quamlibet probant et ita circumstant,
71 1463 1294 1510 ut ei fidem conueniat adhiberi. Sunt igitur inuentionis initio-
67 1515 1296 1564 rum nostrorum sedes siue fundamenta sex que scribentem nosse
70 1568 1289 1616 et habere memoria necesse est. Persona / factum / causa / locus /
71 1619 1304 1670 tempus et modus. Quarum quidem ductu epistola queque fa-
72 1674 1299 1722 cillima factu futura erit. Nihil est enim omnium profecto maius
80 1727 1298 1774 quod velim quasi via breui admodum ac simplici monstrare quo fa
80 1781 1300 1829 cilior scribendi sit facultas, tum vt paucis teneat quisque quid hac
65 1834 1300 1881 in re facto opus fuerit, tum etiam vt magnarum perplexarumque
71 1887 1305 1936 preceptionum labores minui atque mediocribus quibusque et parum
78 1938 1305 1991 eruditis consentanea possit adduci disciplina. Hic hęc igitur dum
70 1994 1299 2048 taxat nostratia si non voluptatis aliquid, saltem non nihil affe-
1010 2062 1154 2105 A iii
