1839 2410
614 147 1232 232 VITA BEATI
450 227 1396 313 Est humilis gestu, simplex animo, verecundus
455 297 1407 376 Moribus, et constans puer hic virtute decorus.
455 365 1334 439 ¶ Hinc vbi iam fragiles ętatis transilit actus
456 431 1316 506 Ad perfecta petit, sed quo perfectior assit
Vita comes, doctam studuit coluisse mineruam
454 559 1303 638 Et nymphas faciles dulci sibi vendicat vsu
458 622 1411 705 Talibus inde modis musas meminisse volebat
455 689 1313 768 Tempora que circum liceat iam laurea serta
447 757 1338 832 Serpereque et doctos edera circumdare vultus
452 824 1276 895 ¶ Atque vbi maturos ętatis contigit annos
452 886 1346 959 Ecce suos humeros palla tegit, ipsa subinde
448 950 1469 1032 Docta Minerua fauens meritis nec congrua tandem
436 1014 1396 1096 Premia neglexit, nam extollitur arte magister
439 1080 1514 1164 Hinc pater ipse suum phoebus non spernit amantem
446 1148 1291 1218 Callipe mater formosaque turba sororum
436 1209 1336 1288 Sceptra ferunt illi, celsa quoque sede locarunt
435 1277 1360 1354 Assurgit pariter chorus omnis vertice presso
443 1341 1216 1413 Et venerata suis fulget victoria palmis
439 1401 1434 1480 Sed via quę fuerat per quam conscendere docti
456 1467 1394 1543 Vult iuga Pernasi, nimis aspera, corpore castus
432 1533 1368 1613 Mente deos supplex votis veneratur, et ipsas
439 1595 1388 1677 Mundi blanditias pede proterit, omnia censet
439 1662 1293 1740 Secula quę pandunt ludibria dulcia virus
436 1727 1272 1804 Nec cibus ille suo fuerat gustatus ab ore
436 1790 1417 1882 Corpora qui morbis distentet crimine mente
436 1858 1214 1938 Exagiter sedo putri dum tabe resudat
450 1926 1281 2001 Abstinet, et modico iuiunia sedula seruat
436 1994 1289 2107 Ipse cibo verbis semper potuque modestus
179 326 411 404 Uirilis etatis
182 396 346 459 descriptio,
172 544 429 630 Carminis peritia
180 799 425 871 Promotio in ma
176 854 309 926 gistrum
155 1870 421 1980 Cibi abstinentia.
