1859 2403
264 137 1105 205 IN EIVS MODVM EPISTOLANDI.
78 208 1294 272 et attendis ratione nulla. Et quamuis nec aliqua supersit mo-
82 284 1288 337 do futurę tuę lenitudinis ex superhabundanti non ingrauor re-
76 341 1294 405 missum adhuc calamum in officium scribendi ad te reuocare, vt
66 405 1294 473 si pertinaci silentio, et impia diutius crudelitate vsus in me fue-
76 471 1193 538 ris, sciam quid remedij sum quesiturus. Vale si mereris.
109 528 1267 600 PETRVS PHILOTESES IACOBO VIRTVTAE
169 590 1199 670 ATQUE ANIMO POLLENTI PATRI SVO S.
46 672 207 809 H
224 675 1294 751 ONESTA tuę benignitatis, et paternę gratię monita
125 747 1292 818 atque iussa salutaria, quo frequentius aure hauserim,
69 810 1294 875 et literis solicitantibus oculis subiecta viderim legerimque. Tan
74 877 1291 946 to mihi metipsi magis inmodum succenseo et indignior, que
72 943 1290 1009 non plena vitę ratione hucadusque adheserim eis paruerimue,
78 1003 1288 1073 Video quidem mi pater naturę conditione alior sum me trahi,
70 1070 1294 1141 quę (nescio quo monstro, quod intus alit) negotijs officijsque
68 1140 1292 1200 secularibus animum et cogitatus meos omnes inclinat vehe-
69 1202 1294 1269 menter et immergit. Hercle antiquius atque presentius ducerem
64 1266 1294 1330 nihil, que vt remissum naturę potentem, aut consilio, aut vlla ra
68 1330 1284 1400 tione superans tuo mandato paterno et precepto satisfacerem.
74 1392 1280 1467 caste atque probe. Quod nihilominus custodia et obseruabo,
68 1461 1283 1531 quo ad eius fore poterit. Vale iustissime parens in pace pa-
62 1525 1121 1595 ternę pientię. Datę Craccouie, pridie idus Octobris.
207 1579 1132 1655 IA. LEONTINVS PE. PHILOTESI S, D.
54 1655 171 1764 A
196 1648 1294 1720 DDIDISTI bilem stomacho meo filo mi satis acrem pro-
201 1714 1276 1790 fecto, dum pariturum te iustibus votisque meis ab vna,
70 1783 1288 1852 at conditione naturę nescio quid monstri preferente parte ab al
70 1850 1290 1918 tera ad secularia queque trahi tete ausus fueris denotare. Tam
70 1913 1288 1985 etsi risum tuarum literarum series visa, legentibus perferat, mihi ge
64 1978 1280 2070 nitori tuo animo liberanda est, et non modo tenaciu habenda
