1844 2416
695 194 1549 252 IO. SA. EPISTOLAE EXEMPLARIS
511 275 1735 331 de obedientia vestra fuerim semper opinatus. Verum quamuis
513 340 1727 398 nullo teste firme fidei affirmat mu id habeam, quum ad ma-
518 407 1733 466 la credenda tamen quisque (cuius presertim interest) facilis est,
507 471 1733 532 non possum aliquid rei ad id ex vobis non esse datum non putare.
521 536 1743 598 Volo vos post hac ita vestri fore sollicitos, vt contemplatione
522 602 1748 663 magistralis precepti mei minimam occasionem malefaciendi ne-
511 675 1017 731 mini prebeatis. Valete.
727 731 1567 787 IO. SA. EISDEM SALVTEM.
477 789 638 934 L
669 796 1743 852 AVDO quidem discendi semina, vestris in animis pul
643 860 1753 920 chras iam agere radices, ex quibus futura sit emanatu-
519 925 1749 988 ra seges commoditatis pulcherrime, laudaboque vehementius,
527 994 1753 1052 dummodo indies coaluerint. Recte nempe persuasum iri vobis
531 1055 1759 1114 video (quid ex me flagitatim concupitis) de varia lege litera
523 1116 1743 1180 rum missilium vultis vobis prouideri, quam grate quamque lubenter id fa-
535 1186 1751 1244 ciam, vt nobili vestro desyderio, hac officij ratione pro virili
533 1259 1069 1310 mea respondeam. Valete,
579 1318 1715 1373 IACOBVS FESTVS DIVO IOANNIALBERTO
659 1383 1643 1436 IMPERATORI SCITICI EXERCITVS RE
768 1441 1501 1498 VERENTIAM ET SALVTEM.
461 1498 682 1627 T
702 1507 1765 1563 VA me illustris humanitas optime princeps et apud
692 1573 1755 1631 omnes laudata virtus, tanta fiducia facit locupletem,
551 1637 1776 1694 vt literis votisque meis coram locum esse et adhiberi gratiam om
547 1702 1767 1759 nino certum habeam. Ad quę reuerenter exhibenda iniurię pa-
542 1765 1779 1824 ternę intolerabilis acritudo (cuius me miseret) me sollicitat
548 1833 1773 1891 et impellit. Quam in adiutorio tuę illustris celsitudinis, mul-
544 1898 1761 1956 torum probitate immerito grauatam diu noui. Quum igitur tua inter-
552 1966 1761 2025 sit, ęquitatis ratione potenter obuiare temerrimis insultibus,
543 2036 1781 2092 et agere quemadmodum optimorum quorumque virtus singulari gra
