1796 2371
131 171 1195 222 TRES PARTES EPISTOLE COMPLECTENS
54 239 1284 290 rem, longe satis obsequentem me damno meo plurimo habu
52 304 1282 357 isti, nec estimes decetero tantum in me liberatis iurisqʒ te ha=
48 369 1280 424 bere posse vt quo velis me deflecteres. ALIVD
62 435 1288 485 ¶ Nulla ratione vota mea consentire possunt efflagitationi tuę
59 502 1282 553 esto que importuna et arrogans existerit, eo que contra phas et
47 568 1282 619 ęquum illuc me niteris deducere, vnde illecebrosa penitudi-
55 633 1180 680 ne perpetuo laborandum mihi foret. AB AMORE
54 696 1284 748 AMO TE MI Ioannes, et ita quidem amo, vt nil charius nilque
52 764 1181 810 iudundius te vno apud me habete te putes. ALIVD
53 830 1284 877 ¶ Quis ardor queue sit amoris magnitudo erga te mei, facile
55 895 1292 941 calamo monstrari nequit. Ausim asseuerare tamen inueniri
55 956 1294 1009 posse neminem qui tam acri flama tantique feruoris vehemen
59 1021 1238 1072 tia et laboret et depereat assidue. CONTRARIA
52 1083 1289 1139 SATIS longe insanire me feceras dum ceci furoris angustia
55 1153 1289 1204 deuicto frenos forosque vt libuit imponebas, dono dei redire
58 1214 1288 1268 ad me cepi, et a tanta me vecordia reuocare, non igitur putes
63 1280 1230 1331 tam funeste me pesti aliqua deinceps ratione concessurum.
55 1346 1294 1400 ALIVD. ¶ Quereris affectum in te meum remissiorem esse que
56 1411 1291 1465 contra consuetudinem coniuncta minus familiaritate tecum viuam,
468 1537 867 1590 A DILIGENTIA.
54 1598 1291 1659 INTELLIGE quam sim tuis in rebus sollicitus, quantaque diligentia
59 1667 1292 1724 cuncta confecerim, quę facienda mihi commiseras, ne te quoque
59 1733 1293 1787 casu oportuno alium esse ac me vides erga te fieri inueniam
60 1795 1296 1853 ALIVD. ¶ Iniunctum per te officium implesse me omni di
52 1861 1295 1919 ligentia liquido cognoscis, qui non etati, non occupationibus
55 1927 1301 1990 quibus assidue proteror, non denique tempori tui causa parcere vo-
59 2005 903 2049 lui et indulgere. CONTRARIA.
1046 2072 1152 2119 B 2
