1855 2426
602 172 1565 269 IO. SACRANI MODVS EPISTOLANDI
479 269 1718 338 SED quoniam mea non interest diffinire quid honoris et quan
470 343 1706 411 tum commodorum amittamus per hanc grauiam miserrimam,
470 408 1718 483 ad quam in hac iniquitatem temporum vniuersa pene nostra no-
466 471 1619 545 bilitas decidit mollicijs et voluptatibus semper studens.
812 531 1327 601 AB ADMONITIONE
486 597 1722 672 TV modo breui percipe quantum me reipublicę nostrę assi
478 668 1191 730 duam minitantis ruinam misereat.
710 737 1493 808 DE TERTIA PARTE EPISTOLE
407 817 778 1125 R
816 815 1721 886 ELIQVVM est vt ad eam extremam epistolę
830 874 1716 935 partem procedatur quam affectionis nomine
815 927 1721 991 designare non ab re libuerat, quam ea ratione
819 983 1710 1047 subijcere ductui conueniet vt omne scriben-
816 1040 1718 1101 tis desiderium deinceps quietet, intentionem
746 1087 1714 1159 aperiat figat voluntatem. Idcirco primum funda-
482 1144 1709 1204 menta siue loci videndi sunt ex quibus virtus hęc elicienda ve
481 1194 1708 1257 nit, et hoc nouem esse suficiat, spem / supplicationem / estimatio
479 1249 1713 1312 nem / desiderium / officium / excusationem / adhortationem / modum /
482 1303 1710 1373 et qualitatem. Cęteri quique qui ad propositum adduci possent,
483 1358 1712 1425 his inclusi pretermittuntur ad presens. In quorum quidem locorum
478 1409 1714 1467 institutione respectus quoque habendus est ad eos qui superius
486 1458 1721 1524 dicti sunt tres ductionis apte possit quisque nosse quo sit epi-
482 1513 1718 1580 stola sibi loco decentius concludenda. Itaque ad exemplarem ex-
483 1568 1725 1642 planationem accedendo dictos, exituum locos premissis ducti
486 1626 1207 1687 bus sic ordine studeamus adequare.
479 1671 1709 1742 AFFECTIO AB ADHORTATIONE ESTIMATIO-
554 1748 1624 1812 ne et officio ductum honestatis primum concludens.
445 1826 647 1927 H
630 1828 1725 1899 EC ad te vlla opus habeo adhortatione ne in tam ca-
550 1900 1724 1971 sta peroptimaque viuendi ratione tibipsi quandoque de-
483 1958 1728 2031 fueris, profecto mihi exploratissimum est virtutum et bonarum do
479 2024 1736 2118 ctrinarum incrementa cum tempore et etate simul in te gran-
