1863 2506
422 340 1561 394 loco immortalitatis in qua a deo erat positus vt obe=
412 404 1554 476 dien~. hunc custodiret in exilium mortis deuiare fe=
422 486 1561 518 cit ⁊ deum vir obediuit mulieri ⁊ hec serpenti bene or
429 533 1551 582 dinata policia ⁊ graciosa yconomia ꝑuersa est. ⁊ hoc
422 582 1540 632 inesse suo monastico per rebellionem carnis contra
422 625 1554 689 spiritum turbatus est. est eciam a custodia angelica
422 700 1547 746 que sibi a paradiso contra fraudes diabolicas proui
412 764 1547 828 sa fuit excommunicatus ⁊ per cherubin cui in plenitu
412 828 1558 878 dine scientie equari voluit expulsus fuit. immo vt ve
433 874 1590 928 rius loquar super cherubin conformitate~ diuine am
422 935 1547 977 biuit credens serpenti qui ait. Eritis sicut dij scientes
404 999 1554 1045 bonum ⁊ malum. Et cuius intellectus ad instar ange
401 1056 1565 1102 lici intellectus erat pleniformis iam in ignorantiam
419 1113 1558 1173 venit factus vt tabula rasa in qua nichil depictum e~.
412 1191 1551 1212 Et varia facta sunt homini incomoda. quoniam hu=
419 1237 1547 1291 mana natura que creata fuit libera. facta est multipli
412 1294 1533 1330 citer ancilla. Homo quidem cum in honore esset no~
401 1344 1544 1401 intellexit ⁊c. Et opus dei perfectum in homine exem=
408 1412 1554 1454 platum malicia demonis deformatum est ⁊ malicia de
426 1465 1554 1515 monis. bonitatis diuine communicatio ⁊ refluxus in
426 1533 1551 1558 parte impeditur. Non autem potuit demon resistere
412 1565 1547 1632 deo in se a quo proiectus est in damnationem ⁊ perpe
408 1640 1529 1679 tue relegatus. Nec potuit resistere operi eius perfe=
383 1696 1533 1739 cto in maiori mundo. Sed se homini ⁊ minori mun=
429 1757 1544 1796 do opposuit. Et sic quoniam a mu~do architipo auer-
419 1803 1544 1857 tens mundum maiorem scd'm quod in parte est ha=
426 1882 1540 1924 bitatio minoris mundi ⁊ suo seruit sui deteriorauit co~
