2916 3743
875 302 2502 363 Restitucio silve Babsko cum villa Grwnowo erecta ibidem
643 384 2684 537 Kazimirus dei Dei gracia rex Polonie magnus dux Lithwanie Prussie Russie
689 498 2645 615 que dominus et heres significamus tenore presencium quibus expedit universis
686 570 2699 681 presentibus et futuris presenciam presentem noticiam habituris quomodo attendentes attentis ma
701 607 2651 751 gnifici Stanislai de Ostrorog pallatini Calisiensis sincere nobis dilecti
686 660 2588 822 multiplicm̄ multiplicium obſeq̕orẜ obsequiorum et pnē pure fidei meritis quibus nobilis nobis Stanislaus se
687 745 2624 892 exhibuit placē que placereque meruit et adhuc p̄ſtan prestancius ꝯplacē conplacere peterit
691 795 2696 949 infuturum volen̄ que volentesque eum ad obsequia nostra tōt mo continuo reddere prompcio
705 853 2612 1015 rem sibi et suis successoribus legittimis silvam dictam Babska cum
690 913 2612 1084 eidem ejus silwuel̄i6 silwunculis alias przilasky ad prefatam prefatum silvam pertinentibus et
717 985 2675 1167 villa vocata Grwnowo erecta in eadem silva in districtu Naklensi
725 1052 2675 1232 cōſiſten̄ consistente que silva Babsko et villa Grwnovo per magnificum
718 1109 2628 1296 olim Sandivogium de Schubin pallatinum Calisinsem Calisiensem in certa
728 1193 2612 1365 pecuniarum summa magistro et Ordine Cruciferorum tunc domī6 dominis
725 1256 2589 1434 Prussie fuerunt fuerit obligata 6ūaſe generose restitutum restituenda ita late longe et
728 1315 2580 1502 circumferencialiter prout sunt dicta ex antiquo et limitata et cum
741 1374 2585 1579 omni iure jure et dominio singulis proventibus pertinenciis cohen̄ coherenciis
743 1437 2640 1650 et appendiis vniv̕ẜ universis ad prescriptam silvam Babsko et villam
758 1507 2619 1719 Grwnowo in ea locatam quōlʒ quolibet pertinentibus nichil iuribus juris dominis dominii
744 1570 2702 1796 aut proprietatibus proprietatis pro nobis nostrisque succesoribus in eisdem reẜuan̄ reservandum et hmōi hujusmodi
762 1609 2659 1857 pecuniarum summam in q̄ quam prefata silva et villa p̄memort̄ prememorate
747 1701 2624 1933 magistro et ordini fuerint obligata et quam prefatus Stanislaus
764 1771 2612 2001 pallatinus aut sui successoribus successores legittimy tamquam proximiores dm̄ domini redimē redimere
764 1841 2576 2064 voluisset voluisse et persolvere debuisset eidem pallatino Stanislao et suis
773 1912 2666 2127 successoribus remittamus remittimus predicta pecuniarum summa predictum pallatinum
758 1995 2525 2194 Stanislaum tanquam nobis benemeritum ex gracia nostra condonamus perpetuis
810 2063 2615 2250 in perpetuo et in ewm harum quibus sigillum nostrum presentibus est
747 2137 2564 2326 appensum testimonio litterarum actum Actum in Thorun feria quinta
776 2193 2615 2408 post festum Visitacionis Marie proximo anno domini Domini Mo milessimo c̄c̄c̄c̄o quadringentesimo l quinquagesimo quarto
785 2293 2535 2472 presentibus ibidem reverendis in Christo patribus dominis Johanne Po
771 2358 2683 2551 wladi Wladi Andrea Poznaniensi Poznaniensibus episcopo episcopis necnon magnificis Johanne
761 2420 2696 2631 de Conÿeczpole Conyeczpole cancellario et Petro de Sczekoczini vicecancellario Nostri
782 2502 2618 2692 Regni regni polonie Polonie alys aliis quam pluribus fidedignis circa premissa
1815 2627 2594 2712 ad Ad rlom relacionem prefati reverendi
1844 2688 2628 2778 patris domini Johannis episcopi
2339 2760 2717 2823 Wladislaviensis
773 2802 1724 2871 Una cum omnibus campus campis ad villam
774 2862 1794 2928 manent Marwolt versus silvam Babsko iacentibus jacentibus
778 2932 1757 2987 qua qui campi sunt extirpati de predicta
792 3002 1176 3049 silva Babsko
