2863 3689
281 2170 2374 2294 In nomine domini Amen Ad perpetuam rei memoriam Rem dignam que
336 2250 2465 2375 futuris seculis nomen nostrum commendet tunc agimus dum Regni nostri introitus
305 2319 2426 2420 Ampliamus et silvas ac nemoria ferarum cubilibus ad uberem usum hominum
304 2382 2391 2497 et fructuosum trahimus culturam et benemeritos pro suis accionibus attollimus et
318 2452 2459 2555 muneramus proinde nos Kazimirus Dei gracia Rex Polonie necnon terrarum Cracovie Sandomirie Siradie
285 2519 2433 2634 Lancicie Cuyawie Magnus dux Lithwanie Pomeranie quoque dominus et heres Russie
287 2577 2426 2688 Significamus Notum fieri volumus quibus expedit universis presentibus et futuris
303 2636 2484 2773 presencium noticiam habituris Ex assumpte dignitatis ministerio frequens cura nos solli
312 2697 2406 2812 citat ut augmentis et commodis utilitatum Regni nostri et ipsius incolarum
292 2751 2424 2884 studiosius intendamus Illic tamen operosius assertum nostre sollicitudinis dirigendum
297 2834 2406 2939 arbitramur ubi ampliora commoda prefati Regni nostri ac ipsius incolarum
286 2903 2473 3012 provenire sentimus quibus redditus et proventus nostros regios ampliore valeamus
287 2945 2473 3042 ...atari sana mente sollicita perpendens servicia quibus mayestati nostre
304 3010 2445 3115 Generosus ac Strennuus Zaclica alias Tarlo de Sczekarzovicze Incisor Regni nostri
266 3065 2475 3202 Polonie miles noster fidelis dilectus complacuit et adhuc non cessat moto fidelitatis
320 3132 2481 3237 sue studio complacuit horum intuitu et aliorum plurimorum quibus apud nostrum Regnum
290 3186 2471 3323 mayestatem extitit plurimi commendatus Eidem villam Daschowa sic nunccupandum ex utraque
310 3241 2495 3377 parte fluvii Brzeschnycza super silva nigra Bukowy lasch et mericam
