2863 3689
499 160 2533 267 circumcirca fluvium predictum Brzeschnicza centum laneos inter mineras
497 225 2519 319 in terris nostris Russie et districtu Striovense jacentes relictis et additis ad
509 277 2469 383 quamlibet numeram duabus laneis dimensuratis pro ecclesia ibidem fundandi
497 322 2552 447 duabus laneis et quatuor laneis qui vult vocantur Skothnycza p grege
472 360 2546 485 ville ipsius pellende previum dimensuratis relictis et admentis collocare in
480 435 2531 558 cruda radice consensimus et consentimus tenore presencium mediante ut ex
483 487 2546 614 eadem locacione et extirpacione silve et maria predictorum nobis fructus et proventus
480 532 2582 664 provenietur in postremo et suarescant Cuiusquidem locacionis nove villa Dascho
463 590 2555 724 wa sic vult perpetue nunccupetur addicens eidem Zaklice Tarloni Incisori
485 640 2559 757 prefato ac ipsum legittime posteritate in eadem nowa villa Dashowa scul
478 712 2543 821 teciam cum duabus laneis et sexto denario censuum tercium denarum de judicio
474 766 2628 935 pro nobis tamen duabus reservatis molendinum cum piscina in eodem fluvio Brzes
440 829 2463 952 chycza parandam ibi ubi idem scultetus locum et fundum seu ...ucum
449 883 2569 1006 pro eadem piscina et molendino invenerit apciorem quatuor ortulanos
480 952 2573 1046 locandi in dicta villa Daschowa pistorem et mensum panum sutorem
458 1005 2613 1100 et macellum carnificum quos et tabernam liberam et ab omnium solucione et dacione nostra
439 1073 2625 1199 censuum absolvimus et liberamus per ipsum Zaklicam Tarlo et suos legittimos sucesores
457 1138 2540 1253 tenendum habendum utifruendum vendendum obligandum comuttandum alienandum donandum
472 1192 2555 1312 et perpetue possidendum ac in usus suos suorumque heredum sucessorum legittimorum beneplaci
451 1233 2561 1358 tos et voluntares prout sibi et sue legittime posteritati melius utilius et con
465 1310 2596 1439 veniencius videbitur expedire quiescendum pro suo et eorundem beneplacito voluntatis
447 1374 2546 1480 de quaquidem scultecia prenunciatus Zaklica Tarlo libertate ville predicte
445 1433 2525 1552 inferius descripta expirata vel sui legittimi succesores una hasta et duabus
442 1491 2564 1625 sagittarum in equis valentibus pro qualibet expedicione quocienscuque conccurrente
470 1567 2537 1646 et opportuna servire tenebuntur et sint astricti Volentes autem ut
467 1613 2531 1738 dictus Scultetus ea citius dictam villam valeat collocare atque posset omnibus
471 1677 2606 1788 et singulis kmethonibus in ipsa villa Daschowa degentibus et degere volentibus
468 1727 2580 1865 pro collocacione ipsam ville meliori viginti annorum ab omnibus nostris solucionibus
440 1798 2609 1938 Regalibus collectis contribucionibus exaccionibus ceterisque angaris et preangaris
468 1860 2506 1954 quibuscumque quocumque nunccupentur vocabulo damus libertatem Qua vero
441 1920 2601 2019 viginti annorum libertate expuata ipsi kmethones sive villani nobis
448 1973 2615 2081 et nostris succesoribus singulis annis pro censu annuo pro festo sancti Martini
470 2044 2555 2154 quilibet kmetho suo possesso pro octo scotis grossorum latorum Pragensium
465 2089 2537 2203 et pro decima per sex scotis solvere de quolibet laneo kmetones et presentibus
452 2149 2564 2254 sint astricti Ceteras autem daciones puta pullos awa casces avenac...
453 2198 2568 2308 et alia talismodi quas alie ville nostre similimodo jure locate Que
473 2263 2594 2366 et solvere tenentur ac solvunt solvere debebunt Cupientesque deinceps
480 2321 2572 2443 dicte ville Daschowa sic ut premitatur in nova radice locanda condicionem
465 2379 2564 2493 facere meliorem et ut ad sua collocacionem homines tanto accurracius construant
471 2452 2598 2599 ad eandem Ipsam de jure Ruthenico in quo ista jure existit et quo jus
477 2493 2511 2592 alio In jus Theutunicum Maydemburgensem quo civitas nostra Leopolis
471 2557 2589 2663 utitur transferimus perpetuis temporibus duraturum Removentes ibidem nostra jura
450 2620 2528 2748 Ruthenicalia et quevis alia modas et consvetudines universaque
472 2670 2534 2800 ipsum jus Theutunicum Mayemburgensem plerumque consveverut perturbatur Ex
450 2730 2608 2832 mimus insuper et absolvimus perpetuoque liberamus scultetum predictum et Incolas
447 2793 2609 2912 quo suis ville nove predicte ab omnium jurisdicionem judicio et potestate omnium
470 2861 2598 2963 Regni nostri Polonie et Russie pallatinorum Castellanorum judicum Sub
471 2921 2580 3022 judicum Ceterorumque officialium et ministerialium eorundem ut coram ipsis vel
460 2977 2568 3103 eorum aliquo proquibuscunque causis magnis et parvis puta furti San
467 3023 2586 3152 guinis homicidii Incendii membrorum mutillacionis et quibusuis aliis
491 3105 2491 3219 cittati et vocati minime respondebunt nec aliquas penas solvant
482 3162 2568 3253 et neque teneantur sed tamen Incole prefate ville Daschowa coram
467 3219 2523 3388 suo sculteto et qui pro tempore fuerit Scultetus vero coram nobis et
