2863 3689
288 156 2415 300 nostris succesoribus legittimis aut nostro judicio generali dum tamen per litteram nostram
276 233 2456 356 Sigillo nostro sigillatum evocatus fuerit Tunc non aliter nisi jure Theutunico
310 315 2423 413 Maydemburgense predicti cuilibet ad objecta respondere sint astricti In causis autem
311 376 2481 461 criminalibus et Capitalibus superius expressatis prefato Zaklica Tarlo Incisor
311 427 2472 536 et sue posteritati legitime judicandi Sentenciandi Corrigendi puniendi plectendi
300 483 2471 610 plenam damus et omnimodam conferimus potestatem prout hoc jus Theutunicum Mayde
317 554 2450 665 burgensem in suis punctis condicionibus articulis et sentenciis postulat et
291 603 2479 739 requirit juribus tamen nostris Regalibus pro omnino semper salvis In cujus rei testimonium
304 676 2414 784 sigillum nostrum presentibus est subappensum Actum in Camyenyecz feria quarta
306 743 2448 872 proxima post festum Assunpcionis beate Marie Virginis Anno Domini
330 812 2469 945 Millesimo quadringentesimo quinquagesimos quadragesimo octavo presentibus
342 857 2473 973 ibidem Magnificis et Generosis Johanne de Czyszow Castellano et Capitaneo
330 939 2475 1033 Cracoviensi Petro Odrawansch de Sprowa pallatino Leopoliensi Predbo
330 997 2424 1090 rio de Conyeczpolie Sandomiriensi Nicolao de Zakrzow Visliciensi Castellano
298 1065 2476 1174 Nicolao de Brzeze Marschalco Regni Polonie Johanne de Ruchnyge
318 1123 2404 1210 Castellano Haliczensi Bartholomeo de Bora judice Cracoviensi Nicolao
312 1174 2439 1285 de Panchow Subjudice Sandomiriensi et aliis quampluribus fide
330 1262 2378 1348 dignis Datum per manus Magnificorum Johannis de Co
312 1319 2386 1416 nyeczpole Cancellarii et Petri de Sczekocini vicecancellarii Regni
300 1376 1441 1474 Polonie sincere nobis dilectorum
1398 1436 1690 1523 Ad Relacionem
